2040 3198
635 127 1034 177 AENEJDOS
1063 129 1204 176 ΜΒ.
1244 129 1353 176 [Π.
1762 142 1822 188 29

157 237 311 286 Arma
343 253 517 286 amens
551 236 688 297 vidit,
726 236 915 300 magnis
952 237 1178 286 exterrita
1212 237 1443 287 monstris

160 303 384 367 Deriguit
419 304 525 352 visu
559 303 611 351 in
646 304 844 364 medio,
834 321 844 331 ·
885 306 1019 352 calor
1054 321 1166 353 ossa
1197 304 1423 368 reliquit,
1411 322 1422 333 ·

159 369 377 430 Labitur,
415 379 464 419 et
498 371 649 433 longo
685 371 765 419 vix
799 373 1001 420 tandem
1038 380 1261 445 tempore
1297 373 1454 422 fatur·

162 438 376 486 ‘Verane
412 446 461 486 te
495 438 659 495 facies,
683 453 825 486 verus
862 438 983 486 mihi
1019 439 1218 486 nuntius
1254 440 1408 497 affers,
1732 453 1829 499 310

162 505 320 553 ‘Nate
317 489 476 552 dea?
521 502 738 554 vivisne?
782 500 879 563 aut,
905 505 946 552 si
980 495 1099 553 lux
1098 499 1228 553 alma
1262 505 1475 563 recessit,

163 573 384 620 ‘Hector
417 570 502 618 ubi
538 573 660 619 estP'
707 571 842 631 dixit,
867 542 1189 634 lacrimasque
1224 572 1394 620 effudit
1429 582 1478 620 et
1514 588 1714 620 omnem

162 637 392 700 Implevit
426 638 642 686 clamore
674 639 850 686 locum.
923 638 1021 686 Vix
1055 655 1213 701 pauca
1246 639 1424 687 furenti

160 704 360 754 Subicio
393 713 442 752 et
476 703 594 752 raris
629 705 852 753 turbatus
884 704 1091 754 vocibus
1127 705 1293 753 hisco:

165 770 312 820 ‘Vivo
348 770 598 834 equidem,
623 771 876 833 vitamque
912 782 1127 820 extrema
1161 788 1251 834 per
1285 771 1454 820 omnia
1488 773 1620 821 duco
1629 791 1643 833 3
1734 787 1826 833 315

164 840 272 888 ‘Ne
307 838 494 897 dubita,
521 854 636 886 nam
671 854 786 887 vera
821 839 970 887 vides.

164 907 313 954 ‘Heu
349 904 458 968 quis
493 914 543 953 te
579 921 721 953 casus
757 906 1003 953 deiectam
1040 905 1249 967 coniuge
1286 914 1427 953 tanto

166 971 403 1035 ‘Excipit‚
431 982 516 1020 aut
550 988 678 1034 quae
713 971 865 1035 digna
899 972 1015 1021 satis
1050 974 1246 1021 fortuna
1281 972 1473 1020 revisit?

166 1039 430 1089 ‘Hectoris
466 1040 815 1088 Andromache
854 1039 1072 1102 Pyrrhin'
1108 1039 1323 1088 conubia
1357 1040 1570 1089 servas?’

165 1105 360 1156 Deiecit
396 1107 586 1155 vultum
622 1115 671 1155 et
708 1107 921 1155 demissa
956 1123 1079 1155 voce
1115 1108 1281 1155 locuta
1316 1115 1419 1169 est,
1736 1122 1833 1167 320

167 1175 242 1225 ‘O
276 1173 393 1222 felix
426 1189 526 1222 una
559 1183 675 1221 ante
711 1173 831 1221 alias
869 1173 1110 1221 Priameia
1144 1173 1294 1236 virgo,
1588 1176 1596 1185 '

166 1242 449 1290 ‘Hostilem
484 1241 550 1288 ad
585 1241 828 1288 tumulum
864 1239 1042 1289 Troiae
1078 1240 1169 1289 sub
1205 1239 1466 1289 moenibus
1502 1239 1610 1288 altis

167 1310 338 1357 ‘Iussa
371 1307 511 1368 mori,
541 1323 668 1370 quae
704 1306 902 1356 sortitus
937 1324 1039 1356 non
1075 1307 1272 1370 pertulit
1307 1309 1432 1356 ullos

169 1377 308 1424 ‘Nec
341 1374 539 1423 victoris
573 1373 677 1422 heri
712 1373 868 1437 tetigit
903 1374 1099 1437 captiva
1133 1374 1327 1423 cubile!

168 1444 305 1492 ‘Nos
338 1441 496 1506 patria
529 1441 734 1490 incensa
768 1443 961 1491 diversa
994 1458 1082 1504 per
1114 1457 1332 1504 aequora
1365 1450 1534 1490 vectae
1740 1457 1832 1503 325

170 1510 369 1572 ‘Stirpis
403 1508 655 1557 Achilleae
688 1509 842 1556 fastus
877 1510 1207 1571 iuvenemque
1243 1509 1526 1571 superbum,

171 1575 404 1627 ‘Servitio
439 1575 625 1635 enixae,
650 1576 884 1636 tulimus;
931 1575 1016 1638 qui
1051 1575 1233 1624 deinde
1267 1584 1478 1635 secutus¹

171 1645 447 1693 ‘Ledaeam
486 1641 796 1691 Hermionen
833 1643 1356 1705 Lacedaemoniosque
1391 1643 1692 1705 hymenaeos

168 1713 287 1760 ‘Me
322 1711 506 1759 famulo
539 1710 874 1772 famulamque
911 1711 1113 1758 Heleno
1150 1708 1416 1758 transmisit
1450 1710 1742 1759 habendam.

170 1781 291 1828 ‘Ast
324 1777 462 1826 illum
498 1788 698 1840 ereptae
733 1793 915 1840 magno
950 1778 1226 1825 flammatus
1260 1793 1429 1825 amore
1737 1793 1834 1838 330

171 1843 438 1909 ‘Coniugis
472 1853 523 1893 et
555 1845 794 1893 scelerum
829 1843 962 1892 furiis
997 1844 1207 1907 agitatus
1245 1846 1446 1894 Orestes

173 1918 187 1940 ‘
202 1911 399 1975 Excipit
432 1910 685 1960 incautum
720 1911 1001 1974 patriasque
1038 1912 1301 1959 obtruncat
1335 1911 1400 1959 ad
1436 1928 1555 1960 aras.

171 1988 182 2007 ⁸
202 1981 368 2029 Morte
405 1978 725 2042 Neoptolemi
759 1995 1021 2041 regnorum
1055 1978 1250 2027 reddita
1284 1978 1432 2027 cessit

171 2049 319 2095 ‘Pars
355 2047 570 2106 Heleno,
601 2045 686 2108 qui
720 2045 974 2095 Chaonios
1010 2045 1308 2108 cognomine
1342 2061 1547 2108 campos

173 2118 186 2142 ‘
203 2112 583 2175 Chaoniamque
619 2128 821 2161 omnem
857 2111 1076 2161 Troiano
1111 2128 1142 2159 a
1177 2113 1385 2162 Chaone
1420 2112 1556 2173 dixit,
1744 2127 1836 2174 335

173 2182 539 2244 ‘Pergamaque
576 2179 878 2242 Iliacamque
913 2177 1039 2242 iugis
1074 2180 1205 2227 hanc
1239 2178 1434 2228 addidit
1467 2195 1645 2228 arcem.

174 2253 187 2277 ‘
205 2249 303 2298 Sed
338 2246 428 2296 tibi
463 2246 551 2309 qui
585 2262 783 2295 cursum
817 2245 965 2307 venti,
996 2262 1124 2308 quae
1158 2247 1260 2294 fata
1293 2247 1507 2295 dedere?

175 2318 302 2363 ‘Aut
337 2313 564 2377 quisnam
599 2312 824 2376 ignarum
858 2313 1038 2362 nostris
1073 2315 1197 2362 deus
1232 2313 1424 2376 appulit
1459 2313 1586 2362 oris?

175 2387 188 2410 ‘
206 2380 342 2444 Quid
376 2396 499 2444 puer
533 2380 804 2429 Ascanius?
849 2390 1111 2443 superatne
1145 2389 1194 2429 et
1229 2381 1442 2429 vescitur
1473 2382 1620 2429 aura?

176 2454 189 2478 ‘
204 2450 368 2511 Quem
403 2447 495 2497 tibi
529 2446 627 2495 iam
664 2446 815 2496 Troia
950 2484 961 2495 .
1100 2482 1113 2494 .
1250 2482 1263 2495 .
1399 2484 1413 2496 .
1745 2464 1842 2509 340

175 2520 188 2542 ‘
208 2518 378 2578 Ecqua
411 2523 576 2563 tamen
614 2529 770 2588 puero
806 2522 879 2562 est
914 2513 1122 2563 amissae
1155 2529 1275 2562 cura
1306 2513 1563 2577 parentis?

177 2581 403 2643 ‘Ecquid
436 2581 487 2629 in
522 2581 778 2643 antiquam
811 2580 1042 2629 virtutem
1075 2581 1368 2654 animosque
1403 2581 1565 2630 viriles

178 2652 272 2698 ‘Et
305 2659 445 2712 pater
480 2651 673 2696 Aeneas
708 2656 758 2696 et
792 2649 1065 2707 avunculus
1101 2647 1281 2696 excitat
1318 2647 1559 2696 Hector?’

175 2715 322 2765 Talia
354 2715 596 2763 fundebat
629 2714 887 2763 lacrimans
922 2716 1197 2778 longosque
1230 2714 1395 2764 ciebat

27 2783 52 2793 ²
111 2797 113 2799 ·
179 2784 434 2832 Incassum
470 2782 628 2840 fletus,
654 2797 768 2830 cum
806 2797 914 2829 sese
947 2797 978 2829 a
1011 2781 1274 2830 moenibus
1307 2782 1451 2830 heros
1745 2795 1841 2844 345

178 2847 451 2899 Priamides
485 2847 652 2896 multis
690 2849 916 2896 Helenus
951 2847 1300 2897 comitantibus
1334 2849 1473 2897 affert
