2040 3198
226 169 286 211 ²4
654 156 713 203 P.
755 156 1071 205 VERGILI
1095 158 1445 208 MARONIS

223 261 495 311 ‘Maximus
531 265 662 312 unde
698 273 850 324 pater,
887 263 928 312 si
962 264 1051 312 rite
1085 263 1253 313 audita
1289 267 1531 326 recordor,

223 331 461 377 ‘Teucrus
498 331 749 378 Rhoeteas
783 330 994 392 primum
1033 340 1105 379 est
1140 333 1374 380 advectus
1410 331 1461 381 in
1496 348 1606 381 oras

224 396 544 458 ‘Optavitque
578 398 743 444 locum
777 407 942 459 regno.
1016 399 1252 445 Nondum
1290 398 1437 446 Ilium
1471 408 1520 448 et
1555 415 1691 448 arces

225 464 539 524 ‘Pergameae
576 472 839 520 steterant;
874 462 1165 512 habitabant
1191 464 1398 513 vallibus
1433 464 1556 513 imis.

224 528 382 577 ‘Hinc
420 531 580 578 Mater
614 529 788 577 cult1ix
823 530 1037 593 Cybelae
1075 531 1474 594 Corybantiaque
1496 548 1622 603 aera

225 597 556 671 ‘Idaeumque
591 612 799 664 nemus·
830 595 948 644 hinc
983 598 1082 644 fida
1118 597 1309 646 silentia
1343 599 1548 659 sacris,
1563 603 1569 606 ’
1615 598 1666 614 ‘⁴⁴

225 664 310 710 ‘Et
345 663 495 713 iuncti
532 679 724 710 currum
693 633 993 712 dominae
1028 663 1220 712 subiere
1254 665 1437 714 leones.

226 731 375 791 ‘Ergo
409 730 552 791 agite,
590 739 639 778 et
675 729 842 778 divom
878 731 1066 778 ducunt
1101 746 1197 792 qua
1232 730 1363 779 iussa
1397 748 1671 794 sequamur,

224 798 503 844 ‘Placemus
536 805 712 844 ventos
748 805 797 846 et
833 797 1019 846 Cnosia
1051 813 1200 859 regna
1233 806 1470 860 petamus.

225 864 355 911 ‘Nec
392 865 542 925 longo
583 862 768 921 distant
809 879 983 911 cursu:
1020 865 1172 912 modo
1218 865 1440 927 Iuppiter
1480 865 1623 926 adsit,

226 928 411 978 ‘Tertia
446 931 528 977 lux
562 931 767 978 classem
806 929 1024 979 Cretaeis
1061 930 1198 979 sistet
1231 931 1283 978 in
1318 932 1443 979 oris.'

225 997 304 1046 Sic
338 997 466 1044 fatus
500 996 700 1045 meritos
735 996 827 1044 aris
864 997 1094 1045 mactavit
1130 999 1356 1057 honores,

222 1065 439 1110 Taurum
476 1064 727 1125 Neptuno,
765 1073 956 1111 taurum
992 1063 1094 1123 tibi,
1131 1065 1333 1126 pulcher
1367 1067 1563 1128 Apollo,

224 1130 427 1192 Nigram
464 1130 633 1178 Hiemi
669 1131 926 1192 pecudem,
964 1130 1194 1193 Zephyris
1229 1131 1450 1180 felicibus
1485 1134 1668 1181 albam.

291 1199 446 1245 Fama
479 1198 612 1245 volat
646 1198 843 1259 pulsum
878 1197 1039 1259 regnis
1074 1196 1280 1246 cessisse
1315 1198 1527 1260 paternis

225 1264 499 1311 Idomenea
533 1265 726 1322 ducem,
765 1265 1055 1326 desertaque
1089 1264 1232 1312 litora
1268 1266 1456 1324 Cretae,

227 1333 390 1378 Hoste
423 1346 597 1378 vacare
633 1332 824 1390 domos,
862 1331 1102 1392 sedesque
1138 1340 1294 1380 astare
1329 1332 1534 1381 relictas.

224 1396 515 1459 Linquimus
551 1397 781 1460 Ortygiae
814 1406 985 1460 portus
1018 1399 1291 1460 pelagoque
1325 1401 1559 1458 volamus,

225 1465 622 1526 Bacchatamque
656 1463 782 1526 iugis
817 1466 996 1512 Naxon
1030 1464 1334 1527 viridemque
1372 1468 1642 1526 Donusam,
1682 1522 1688 1527 ι

226 1531 439 1579 Olearon
477 1530 769 1593 niveamque
806 1532 966 1579 Paron
1002 1547 1290 1594 sparsasque
1325 1549 1412 1608 per
1445 1549 1629 1606 aequos

1784 482 1876 513 110

1783 815 1872 861 115

1786 1149 1878 1180 120

1788 1480 1875 1528 125

225 1599 467 1659 Cycladas
503 1606 550 1646 et
586 1597 763 1646 crebris
798 1597 1004 1660 legimus
1038 1599 1161 1646 freta
1195 1600 1390 1647 concita
1425 1609 1573 1648 terris.
1602 1550 1784 1674 milvi
1830 1552 2040 1649 md}

226 1665 464 1712 Nauticus
500 1664 712 1712 exoritur
744 1664 880 1712 vario
915 1665 1179 1713 certamine
1215 1668 1429 1727 clamor;

227 1733 502 1779 Hortantur
538 1731 657 1779 socii
694 1732 892 1780 Cretam
927 1746 1233 1806 proavosque
1268 1742 1509 1794 petamus.

228 1798 542 1859 Prosequitur
577 1814 777 1874 surgens
812 1814 842 1845 a
876 1797 1035 1860 puppi
1068 1808 1244 1847 ventus
1281 1809 1468 1858 eunteS‚

228 1866 292 1912 Et
327 1866 527 1912 tandem
563 1866 776 1926 antiquis
813 1866 1046 1914 Curetum
1081 1866 1354 1914 adlabimur
1387 1867 1495 1915 oris.

229 1934 357 1993 Ergo
393 1931 564 1979 avidus
599 1948 763 1979 muros
799 1939 997 1993 optatae
1031 1931 1207 1980 molior
1239 1932 1372 1981 urbis

228 2000 643 2060 Pergameamque
675 2014 815 2059 voco,
857 2007 905 2046 et
938 1999 1117 2046 laetam
1153 1998 1448 2061 cognomine
1480 2008 1679 2062 gentem

229 2067 416 2113 Hortor
449 2081 612 2113 amare
646 2066 783 2113 focos
818 2081 1080 2127 arcemque
1113 2068 1336 2114 attollere
1370 2067 1525 2115 tectis.

229 2134 435 2194 Iamque
470 2133 568 2179 fere
605 2131 735 2179 sicco
772 2132 1045 2179 subductae
1080 2131 1222 2180 litore
1257 2149 1478 2195 puppes3

230 2197 469 2247 Conubiis
503 2197 727 2260 arvisque
762 2197 902 2246 novis
938 2209 1139 2260 operata
1173 2198 1399 2247 inventus
1416 2216 1430 2258 ;

229 2267 343 2312 Iura
377 2266 654 2327 domosque
689 2266 869 2313 dabam
887 2285 899 2322 ;
941 2265 1105 2313 subito
1140 2281 1255 2313 cum
1290 2265 1459 2314 tabida
1493 2264 1724 2315 membris

229 2333 474 2393 Corrupto
508 2331 630 2379 caeli
663 2341 821 2379 tractu
856 2330 1231 2394 miserandaque
1264 2332 1397 2380 venit

228 2399 598 2460 Arboribusque
633 2398 846 2460 satisque
881 2399 986 2446 lues
1022 2407 1071 2446 et
1105 2398 1261 2447 letifer
1294 2415 1463 2446 annus.

229 2464 541 2526 Linquebant
575 2465 743 2512 dulces
778 2463 965 2512 animas
999 2475 1082 2512 aut
1116 2481 1261 2527 aegra
1293 2467 1551 2514 trahebant

230 2533 463 2592 Corpora,
501 2540 605 2578 tum
642 2531 827 2579 steriles
862 2547 1062 2579 exurere
1095 2531 1244 2580 Sirius
1279 2548 1431 2594 agros,

229 2600 447 2646 Arebant
482 2598 662 2646 herbae
698 2607 747 2646 et
781 2597 964 2645 victum
1000 2613 1139 2659 seges
1173 2614 1318 2660 aegra
1351 2600 1575 2661 negabat.

232 2667 416 2712 Rursus
451 2665 515 2711 ad
550 2666 765 2712 oraclum
803 2663 1031 2727 Ortygiae
1068 2666 1420 2726 Phoebumque
1454 2679 1679 2713 remenso

235 2734 470 2778 Hortatur
502 2741 642 2792 pater
676 2731 743 2778 ire
778 2731 898 2777 mari
929 2731 1223 2792 veniamque
1257 2729 1456 2792 precari,

230 2798 393 2858 Quam
429 2797 565 2844 fessis
600 2798 749 2844 finem
783 2798 928 2844 rebus
962 2797 1095 2854 ferat,
1133 2798 1267 2844 unde
1301 2798 1525 2845 laborum

230 2867 494 2926 Temptare
528 2863 759 2911 auxilium
796 2862 974 2922 iubeat,
1005 2879 1106 2925 quo
1142 2874 1327 2911 vertere
1362 2879 1543 2911 cursus.

1787 1816 1878 1862 130

1787 2147 1876 2195 135

1786 2480 1880 2524 140

1786 2811 1875 2860 145
