2040 3198
635 138 1038 188 AENEJDOS
1065 139 1206 186 LIB.
1244 138 1351 187 III.
1769 146 1828 192 23

172 247 433 311 Sanguinis
466 259 516 298 et
550 249 674 298 sacri
707 258 917 311 pateras,
953 248 1268 310 animamque
1303 245 1563 308 sepulchro

173 315 451 364 Condimus
485 326 535 364 et
571 331 750 378 magna
785 331 1065 378 supremum
1099 330 1225 363 voce
1260 313 1456 362 ciemus.

239 383 367 431 Inde
401 383 484 430 ubi
522 381 679 445 prima
714 383 835 430 fides
874 384 1065 444 pelago,
1102 383 1394 444 placataque
1430 377 1563 426 venti

169 449 304 496 Dant
339 448 493 497 maria
526 458 577 498 et
610 449 734 497 lenis
769 449 1012 511 crepitans
1048 457 1190 496 vocat
1225 451 1404 495 Auster
1438 446 1489 494 in
1525 446 1695 504 altum,
1768 457 1830 504 70

168 515 438 564 Deducunt
472 515 594 564 socii
627 532 778 565 naves
814 524 863 564 et
896 516 1039 564 litora
1071 516 1336 577 complent.

168 581 490 631 Provehimur
524 591 682 645 portu,
721 591 972 644 terraeque
1007 582 1254 644 urbesque
1288 581 1539 629 recedunt.

166 649 314 697 Sacra
347 649 469 696 mari
504 649 679 698 colitur
712 648 880 698 medio
913 649 1185 712 gratissima
1218 650 1362 696 tellus

169 715 442 764 Nereidum
476 716 619 764 matri
652 724 703 765 et
737 718 976 778 Neptuno
1011 719 1226 777 Aegaeo,

168 782 331 844 Quam
365 781 477 845 pius
512 782 804 832 Arcitenens
840 799 948 831 oras
986 791 1033 830 et
1068 782 1209 830 litora
1242 780 1425 829 circum
1769 792 1790 836 7
1802 793 1827 840 5

169 850 423 898 Errantem
461 852 682 912 Mycono
716 865 745 899 e
779 851 910 898 celsa
946 851 1209 911 Gyaroque
1243 848 1448 896 revinxit

168 915 534 980 Immotamque
570 916 666 965 coli
701 915 839 966 dedjt
874 926 922 966 et
957 925 1274 965 contemnere
1309 926 1498 963 ventos.

168 983 289 1031 Huc
321 984 462 1042 feror,
498 985 621 1032 haec
654 985 810 1032 fessos
845 992 951 1032 tuto
986 982 1319 1046 placidissima
1353 991 1498 1044 portu

166 1048 372 1113 Accipit.
446 1050 642 1113 Egressi
676 1066 966 1099 veneramur
999 1049 1247 1112 Apollinis
1281 1050 1468 1097 urbem.

169 1117 280 1166 Rex
312 1116 486 1176 Anius,
520 1134 604 1166 rex
637 1118 772 1166 idem
808 1118 1064 1165 hominum
1103 1116 1392 1178 Phoebique
1427 1114 1673 1173 sacerdos,
1761 1114 1823 1160 80

167 1183 317 1232 Vittis
351 1194 400 1233 et
435 1200 572 1233 sacra
606 1183 861 1233 redimitus
897 1193 1121 1246 tempora
1155 1185 1295 1231 lauro

168 1250 407 1311 Occurrit,
443 1260 660 1301 veterem
696 1252 948 1300 Anchisen
984 1249 1220 1313 adgnovit
1255 1249 1483 1298 amicum.

169 1317 423 1381 Iungimus
459 1318 675 1381 hospitio
711 1319 906 1367 dextras
941 1327 989 1367 et
1025 1327 1156 1365 tecta
1191 1316 1422 1365 subimus.

232 1387 360 1434 Tem
399 1386 447 1434 la
481 1386 562 1434 dei
598 1401 715 1434 saxo
751 1387 1020 1434 venerabar
1056 1394 1238 1432 structa
1273 1392 1497 1432 vetusto:

169 1445 273 1500 ‘Da
305 1450 941 1516 propriamJ'ThymbraeQ'
973 1451 1179 1500 domurn
1197 1470 1210 1512 3
1246 1452 1311 1500 da
1348 1449 1546 1499 moenia
1579 1449 1717 1498 fessis
1768 1451 1826 1513 85

117 1534 121 1538 ’
172 1519 258 1568 ‘Et
290 1535 446 1583 genus
480 1528 531 1571 et
564 1535 843 1567 mansuram
882 1520 1051 1568 urbem
1069 1536 1083 1578 3
1120 1535 1259 1567 serva
1295 1520 1446 1566 altera
1483 1518 1665 1566 Troiae

169 1588 442 1650 ‘Pergama,
479 1586 708 1649 reliquias
746 1589 977 1634 Danaum
1012 1596 1161 1647 atque
1195 1585 1395 1633 immitis
1429 1584 1620 1633 Achilli.

171 1654 355 1716 ‘Quem
390 1653 676 1716 sequimur?
710 1669 874 1716 quove
908 1653 978 1702 ire
1012 1652 1188 1700 iubes?
1222 1652 1306 1701 ubi
1341 1667 1528 1715 ponere
1563 1653 1743 1700 sedes?

171 1722 288 1779 ‘Da,
324 1730 479 1783 pater,
515 1719 772 1782 augurium
807 1730 956 1783 atque
990 1719 1168 1767 animis
1203 1719 1423 1768 inlabere
1458 1719 1666 1767 nostris.'

166 1787 264 1836 Vix
298 1803 358 1837 ea
390 1789 518 1836 fatus
555 1804 717 1836 eram:
754 1797 961 1836 tremere
999 1787 1169 1835 omnia
1203 1786 1309 1835 visa
1342 1795 1561 1849 repente,
1769 1802 1831 1848 90

168 1853 460 1918 Liminaque
494 1856 755 1917 laurusque
789 1854 884 1913 dei,
921 1863 1154 1916 totusque
1187 1854 1374 1902 moveri

169 1923 321 1971 Mons
356 1922 541 1970 circum
576 1932 625 1971 et
661 1922 845 1984 mugire
880 1922 1039 1984 adytis
1075 1920 1266 1969 cortina
1299 1920 1512 1970 reclusis.
1541 1941 1566 1952 ν

168 1988 425 2038 Summissi
462 1988 675 2051 petimus
711 2000 902 2047 terram,
940 1998 989 2038 et
1024 2005 1120 2036 vox
1154 1989 1304 2037 fertur
1337 1989 1403 2036 ad
1438 2003 1614 2038 aures:

169 2055 511 2105 ‘Dardanidae
549 2056 670 2114 duri,
709 2072 835 2119 quae
872 2071 960 2104 vos
995 2072 1025 2104 a
1060 2057 1212 2118 stirpe
1247 2064 1508 2118 parentum

171 2122 354 2171 ‘Prima
388 2122 498 2172 tulit
534 2124 693 2182 tellus,
733 2123 907 2172 eadem
943 2139 1033 2171 vos
1067 2123 1218 2171 ubere
1253 2124 1384 2171 laeto
1769 2135 1830 2186 95

171 2189 418 2253 ‘Accipiet
450 2191 670 2239 reduces.
741 2190 1014 2252 Antiquam
1052 2189 1292 2251 exquirite
1327 2199 1547 2239 matrem.

170 2256 295 2305 ‘Hic
329 2257 509 2306 domus
543 2259 746 2306 Aeneae
782 2257 973 2305 cunctis
1008 2256 1343 2305 dominabitur
1377 2257 1488 2317 οὐδ,

171 2325 256 2372 ‘Et
292 2323 394 2372 nati
429 2333 656 2372 natorum
692 2334 741 2373 et
777 2323 861 2386 qui
895 2333 1161 2372 nascentur
1195 2325 1259 2372 ab
1295 2323 1420 2372 illis.'

171 2392 317 2439 Haec
352 2391 614 2451 Phoebus;
650 2390 906 2453 mixtoque
940 2390 1113 2453 ingens
1148 2400 1316 2439 exorta
1349 2392 1564 2439 tumultu

168 2457 391 2516 Laetitia,
430 2467 479 2506 et
512 2458 678 2507 cuncti
714 2473 841 2520 quae
876 2456 973 2506 sint
1008 2474 1068 2506 ea
1101 2456 1301 2506 moenia
1335 2465 1589 2519 quaerunt,
1733 2472 1825 2504 103

168 2524 284 2586 Quo
319 2525 551 2573 Phoebus
583 2533 728 2574 vocet
763 2533 977 2573 errantes
1010 2523 1276 2587 iubeatque
1309 2523 1496 2573 reverti.

168 2592 302 2639 Tum
337 2591 542 2654 genitor,
580 2601 800 2640 veterum
834 2593 1037 2640 volvens
1073 2591 1379 2640 monimenta
1412 2591 1644 2648 virorum,

173 2657 392 2716 ‘Audite‚
431 2674 462 2706 o
498 2657 758 2721 proceres‚'
791 2657 860 2706 ait
896 2663 967 2707 ‘et
1003 2674 1116 2721 spes
1153 2658 1327 2707 discite
1362 2668 1562 2707 vestras.

173 2725 343 2773 ‘Creta
380 2723 511 2773 Iovis
547 2724 711 2787 magni
746 2725 912 2774 medio
948 2724 1074 2774 iacet
1110 2724 1270 2773 insula
1303 2734 1475 2788 ponto,

173 2790 348 2839 ‘Mons
386 2791 566 2840 Idaeus
602 2791 687 2840 ubi
723 2800 772 2839 et
779 2790 965 2859 gentis
999 2792 1244 2841 cunabula
1279 2801 1488 2840 nostrae.
1741 2807 1830 2852 105

172 2858 410 2907 ‘Centum
445 2859 593 2906 urbes
627 2857 850 2907 habitant
885 2874 1102 2922 magnas,
1139 2858 1383 2907 uberrima
1416 2873 1566 2920 regna
1582 2873 1601 2918 3
