2040 3198
159 1480 226 1555 *ll

303 183 325 212 2
336 182 359 211 2
733 167 793 215 P.
834 166 1151 215 VERGILI
1175 168 1526 218 MARONIS

303 275 432 320 Nam
469 289 594 334 quae
629 272 785 334 prima
819 274 927 321 solo
963 273 1117 335 ruptis
1151 275 1395 324 radicibus
1431 277 1576 325 arbos

302 339 521 398 Vellitur,
561 339 674 386 huic
708 349 815 388 atro
850 339 1102 401 liquuntur
1135 342 1370 403 sanguine
1404 351 1571 404 guttae

307 408 367 453 Et
402 414 577 452 terram
613 406 729 453 tabo
765 407 1029 455 maculant.
1103 407 1229 454 Mihi
1264 408 1463 470 frigidus
1497 409 1667 459 horror

304 473 533 519 Membra
567 471 739 534 quatit,
777 472 1065 535 gelidusque
1100 474 1198 522 coit
1233 474 1493 524 formidine
1528 476 1734 540 sanguis.
1893 493 1956 539 30

302 540 492 586 Rursus
526 547 575 586 et
609 539 806 587 alterius
840 540 1029 587 lentum
1065 542 1341 589 convellere
1376 541 1540 590 vimen

288 606 543 666 Insequor
578 615 627 653 et
662 621 832 653 causas
868 605 1064 680 penitus
1100 616 1338 682 temptare
1373 609 1615 658 latentes.

302 674 421 719 Ater
456 681 505 720 et
539 671 735 720 alterius
770 672 988 734 sequitur
1022 674 1086 721 de
1121 673 1304 722 cortice
1339 674 1546 737 sanguis.

305 739 467 786 Multa
501 754 707 786 movens
742 738 908 786 animo
945 741 1202 801 Nymphas
1237 744 1505 790 venerabar
1537 752 1750 806 agrestes

303 804 669 867 Gradivomque
704 814 904 880 patrem,
945 805 1131 855 Geticis
1167 807 1250 869 qui
1285 807 1529 869 praesidet
1563 810 1702 870 arvis,
1895 827 1954 874 35

303 871 419 919 Rite
454 872 780 920 secundarent
814 872 944 920 visus
979 888 1226 935 omenque
1262 876 1490 924 levarent.

303 937 471 986 Tertia
505 939 593 986 sed
627 947 891 1000 postquam
928 939 1114 988 maiore
1149 940 1343 989 hastilia
1376 941 1486 990 nisu

301 1003 578 1066 Adgredior
610 1004 918 1067 genibusque
953 1007 1186 1055 adversae
1222 1009 1448 1056 obluctor
1481 1011 1708 1071 harenae,

303 1070 544 1135 (Eloquar
578 1087 643 1119 an
679 1071 846 1120 sileam
862 1071 904 1135 ?)
953 1073 1162 1134 gemitus
1197 1074 1507 1125 lacrimabilis
1542 1077 1643 1126 imo

303 1139 513 1186 Auditur
546 1139 751 1197 tumulo,
789 1147 837 1186 et
873 1155 967 1187 vox
1000 1140 1191 1188 reddita
1224 1142 1371 1189 fertur
1404 1144 1468 1191 ad
1502 1159 1672 1192 aures.
1830 1164 1839 1171 .
1895 1161 1959 1204 40

306 1205 464 1265 ‘Quid
499 1204 743 1263 miserum,
781 1207 966 1265 Aenea,
1005 1207 1219 1255 laceras?
1268 1207 1366 1255 iam
1402 1225 1547 1271 parce
1582 1211 1790 1272 sepulto,

308 1273 481 1320 ‘Parce
517 1271 622 1333 pias
658 1272 893 1320 scelerare
927 1289 1131 1322 manus:
1168 1290 1269 1322 non
1305 1291 1384 1323 me
1420 1276 1510 1324 tibi
1545 1277 1694 1325 Troia

306 1340 599 1385 ‘Externum
636 1337 746 1386 tulit
781 1347 865 1386 aut
900 1355 1040 1387 cruor
1074 1339 1154 1387 hic
1190 1342 1252 1389 de
1289 1341 1452 1404 stipite
1487 1352 1668 1392 manat.

305 1407 455 1452 ‘Heu
491 1407 603 1467 fuge
638 1406 861 1453 crudeles
897 1414 1059 1464 terras,
1095 1408 1207 1469 fuge
1243 1407 1354 1456 litus
1390 1426 1602 1457 avarum.

307 1473 459 1519 ‘Nam
496 1473 770 1534 Polydorus
806 1488 927 1534 ego:
984 1473 1066 1520 hic
1099 1475 1348 1522 confixum
1382 1477 1535 1524 ferrea
1569 1476 1688 1525 texit
1897 1494 1956 1542 45

307 1540 561 1587 ‘Telorum
598 1554 737 1600 seges
772 1547 823 1587 et
859 1538 1028 1587 iaculis
1063 1539 1266 1588 increvit
1301 1543 1487 1591 acutis!

304 1607 433 1652 Tum
469 1621 585 1653 vero
621 1604 823 1667 ancipiti
857 1615 1077 1654 mentem
1111 1607 1372 1657 formidine
1406 1626 1602 1672 pressus

305 1671 539 1733 Obstipui
574 1680 911 1734 steteruntque
946 1689 1117 1721 comae
1153 1684 1202 1722 et
1236 1690 1334 1723 vox
1368 1676 1590 1725 faucibus
1624 1676 1793 1726 haesit.

372 1740 527 1785 Hunc
563 1739 863 1800 Polydorum
899 1739 1001 1786 auri
1038 1742 1290 1801 quondam
1327 1759 1438 1790 cum
1474 1744 1695 1805 pondere
1730 1760 1910 1807 magno

306 1804 482 1852 Infelix
518 1804 737 1852 Priamus
770 1804 934 1853 furtim
971 1808 1226 1854 mandarat
1261 1809 1494 1857 alendum
1745 1823 1748 1825 ’
1896 1825 1959 1874 50

304 1871 562 1919 Thraeicio
597 1871 710 1946 regi,
748 1887 861 1919 cum
896 1871 993 1919 iam
1030 1872 1271 1922 diffideret
1305 1876 1449 1924 armis

306 1937 588 1985 Dardaniae
624 1937 851 2000 cingique
886 1941 1055 1987 urbem
1092 1941 1351 1990 obsidione
1386 1943 1585 1993 videret.

306 2006 411 2064 Ille,
450 2014 503 2052 ut
540 2020 661 2066 opes
696 2006 875 2053 fractae
909 2007 1169 2067 Teucrum,
1208 2017 1258 2056 et
1293 2010 1510 2058 Fortuna
1544 2010 1781 2119 recessiy

306 2073 409 2119 Res
444 2071 861 2134 Agamemnonias
895 2072 1209 2135 victriciaque
1243 2091 1378 2124 arma
1412 2086 1605 2126 secutus

307 2139 401 2185 Fas
438 2153 585 2186 omne
621 2137 896 2199 abrumpit:
934 2141 1235 2202 Polydorum
1269 2144 1546 2203 obtruncat,
1583 2153 1631 2193 et
1665 2161 1785 2194 auro
1897 2160 1954 2208 55

305 2203 370 2252 Vi
404 2204 599 2266 potitur.
673 2203 808 2265 Quid
845 2221 945 2252 non
981 2206 1202 2255 mortalia
1237 2218 1438 2270 pectora
1472 2209 1623 2272 cogis,

306 2271 425 2318 Auri
460 2287 596 2319 sacra
630 2272 812 2319 fames!
848 2282 1110 2334 postquam
1145 2290 1296 2336 pavor
1330 2292 1442 2324 ossa
1476 2277 1684 2339 reliquit,

308 2339 542 2385 Delectos
578 2337 748 2399 populi
781 2339 845 2386 ad
879 2355 1103 2400 proceres
1138 2341 1447 2405 primumque
1480 2353 1736 2418 parentem

308 2406 533 2452 Monstra
568 2405 717 2452 deum
752 2406 907 2453 refero
943 2415 992 2454 et
1027 2423 1153 2469 quae
1187 2407 1248 2456 sit
1283 2410 1524 2458 sententia
1557 2426 1722 2473 posco.

308 2470 552 2519 Omnibus
587 2469 718 2518 idem
756 2471 965 2531 animus,
1002 2475 1234 2522 scelerata
1270 2477 1505 2525 excedere
1540 2485 1676 2537 terra,
1895 2480 1957 2525 60

307 2537 488 2598 Linqui
522 2538 767 2599 pollutum
801 2539 1066 2600 hospitium
1103 2550 1152 2588 et
1186 2542 1302 2590 dare
1336 2542 1570 2592 classibus
1604 2547 1824 2594 Austros.

306 2605 436 2666 Ergo
470 2603 795 2652 instauramus
832 2607 1077 2668 Polydoro
1110 2609 1269 2667 funus,
1306 2618 1355 2656 et
1388 2609 1561 2672 ingens

307 2669 562 2732 Aggeritur
594 2672 783 2719 tumulo
817 2673 990 2731 tellus3
1025 2683 1154 2721 stant
1188 2674 1414 2723 manibus
1449 2692 1560 2725 arae

308 2737 557 2784 Caeruleis
593 2747 810 2785 maestae
845 2737 975 2786 vittis
1011 2749 1210 2802 atraque
1245 2757 1491 2803 cupresso,

308 2805 370 2850 Et
406 2802 586 2849 circum
625 2803 806 2851 Iliades
842 2804 1026 2853 crinem
1062 2807 1125 2855 de
1159 2823 1293 2856 more
1329 2810 1551 2857 solutae·
1536 2845 1553 2870 ,
1897 2814 1956 2874 65

307 2869 566 2916 Inferimus
601 2869 768 2932 tepido
804 2871 1079 2933 spumantia
1112 2875 1307 2937 cymbia
1340 2876 1480 2935 lacte,
