2040 3198
239 169 304 214 34
667 155 726 200 P.
767 153 1084 201 VERGILI
1107 152 1460 200 MARONIS

241 263 391 310 Unde
426 261 517 309 iter
553 261 746 308 Italiam
782 276 1047 322 cursusque
1082 259 1392 308 brevissimus
1428 259 1584 308 undis.

238 329 321 376 Sol
356 327 448 375 ruit
484 327 678 385 interea,
703 336 751 374 et
785 335 977 374 montes
1013 329 1297 374 umbrantur
1333 326 1488 388 opaci.

238 394 504 443 Sternimur
539 402 737 455 optatae
771 392 954 454 gremio
992 392 1173 440 telluris
1208 393 1271 440 ad
1306 393 1490 440 undam

238 459 403 521 Sffio‘rvtiti
437 476 612 518 remos,
650 458 928 521 passimque
963 459 1014 506 in
1049 459 1188 507 litore
1225 458 1355 511 sicco
1790 469 1886 520 510

239 528 459 588 Corpora
492 542 738 574 curamus:
786 527 937 573 fessos
973 541 1121 587 sopor
1154 525 1314 587 irrigat
1347 535 1489 573 artus.

239 594 468 641 Necdum
505 595 673 640 orbem
709 593 927 640 medium
964 593 1077 639 Nox
1111 591 1242 639 horis
1277 601 1386 639 acta
1422 590 1641 640 subibat:

239 660 397 712 Haud
432 658 591 721 segnis
627 667 776 706 strato
813 658 960 720 surgit
998 658 1250 706 Palinurus
1286 667 1334 706 et
1359 674 1531 706 omnes

239 727 471 786 Explorat
506 735 679 773 ventos
713 734 862 786 atque
896 724 1093 772 auribus
1128 727 1240 772 aera
1274 732 1437 786 captat
1445 742 1459 784 3

238 792 407 840 Sidera
440 801 618 839 cuncta
651 799 792 838 notat
825 791 976 839 tacito
1012 791 1226 839 labentia
1260 792 1411 850 caelo,
1792 801 1884 851 515

239 861 498 905 Arcturum
534 857 819 920 pluviasque
857 859 1062 919 Hyadas
1097 857 1416 919 geminosque
1452 856 1673 914 Triones,

236 926 595 985 Armatumque
629 940 747 971 auro
783 924 1109 985 circumspicit
1145 923 1342 973 Oriona.
1560 964 1601 981 N

239 992 510 1052 Postquam
545 1001 723 1037 cuncta
756 990 890 1038 videt
925 992 1061 1038 caelo
1096 999 1320 1038 constare
1356 1006 1542 1048 sereno,

241 1059 342 1105 Dat
376 1058 559 1104 clarum
597 1073 624 1104 e
658 1057 815 1118 puppi
850 1056 1068 1118 signum:
1115 1073 1208 1105 nos
1242 1065 1398 1104 castra
1431 1071 1684 1104 movemus

236 1125 660 1185 Temptamusque
695 1124 825 1170 viam
861 1133 910 1170 et
943 1124 1162 1171 velorum
1198 1123 1461 1184 pandimus
1494 1124 1608 1170 alas.
1794 1135 1889 1183 5²0

239 1191 448 1251 Iamque
483 1190 772 1237 rubescebat
808 1189 957 1237 stellis
994 1192 1183 1237 Aurora
1216 1189 1406 1251 fugatis,

240 1258 368 1305 Cum
403 1257 574 1318 procul
609 1259 844 1304 obscuros
880 1258 1031 1303 colles
1067 1256 1397 1317 humilemque
1431 1255 1655 1303 videmus

240 1323 447 1370 Italiam.
522 1322 717 1370 Italiam
752 1322 938 1384 primus
973 1323 1248 1369 conclamat
1283 1323 1512 1382 Achates,

239 1389 432 1436 Italiam
468 1390 597 1437 laeto
634 1388 755 1436 socii
791 1390 1004 1436 clamore
1041 1391 1267 1436 salutant.

237 1457 368 1503 Tum
403 1464 543 1517 pater
579 1455 820 1503 Anchises
856 1472 1087 1517 magnum
1123 1464 1307 1502 cratera
1341 1471 1524 1502 corona
1794 1469 1851 1517 52
1862 1469 1886 1517 5

239 1521 410 1570 Induit
443 1522 760 1583 implevitque
796 1538 931 1570 mero
965 1521 1202 1583 divosque
1237 1523 1427 1569 vocavit

237 1591 380 1637 Stans
416 1589 572 1650 prima
606 1588 656 1635 in
691 1589 865 1650 puppi:

241 1654 338 1702 ‘Di
372 1654 516 1701 maris
552 1663 600 1703 et
636 1663 789 1702 terrae
825 1662 1269 1716 tempestatumque
1305 1662 1546 1715 potenteS‚

238 1722 410 1769 ‘Ferte
445 1721 574 1768 viam
608 1731 758 1768 vento
792 1722 984 1768 facilem
1020 1729 1068 1768 et
1102 1720 1279 1782 spirate
1314 1720 1548 1768 secundi.'

239 1789 567 1836 Crebrescunt
602 1796 771 1849 optate
806 1803 966 1845 aurae,
1003 1796 1273 1848 portusque
1308 1786 1514 1848 patescit
1795 1802 1889 1850 530

239 1855 347 1900 Iam
383 1853 594 1915 propior,
635 1855 972 1916 templumque
1007 1862 1207 1915 apparet
1241 1852 1292 1900 in
1326 1868 1437 1900 arce
1474 1852 1738 1902 Minervae.

238 1921 362 1967 Vela
397 1921 565 1982 legunt
600 1919 720 1968 socii
744 1928 794 1967 et
827 1936 992 1982 proras
1027 1921 1091 1967 ad
1127 1919 1268 1966 litora
1300 1928 1543 1981 torquent.

238 1989 414 2033 Portus
449 1989 512 2033 ab
550 1987 714 2034 Euroo
750 1987 900 2034 fluctu
935 1994 1161 2033 curvatus
1196 1985 1246 2032 in
1282 2002 1479 2044 arcum3

238 2052 477 2101 Obiectae
513 2054 640 2100 salsa
675 2061 907 2114 spumant
941 2052 1194 2114 aspargine
1231 2061 1409 2110 cautes,

238 2119 354 2180 Ipse
390 2120 531 2166 latet:
577 2118 777 2179 gemino
812 2118 1077 2166 demittunt
1111 2118 1339 2166 bracchia
1374 2134 1512 2166 muro
1794 2133 1885 2182 535
1969 2133 1972 2135 ·

237 2186 282 2232 Τ
285 2184 418 2232 urriti
453 2185 643 2246 scopuli
678 2185 949 2246 refugitque
985 2185 1047 2232 ab
1082 2184 1222 2232 litore
1257 2186 1508 2246 templum.

238 2253 482 2312 Quattuor
516 2251 608 2310 hic,
648 2250 860 2312 primum
895 2267 1058 2310 omen,
1096 2266 1249 2312 equos
1285 2251 1335 2297 in
1368 2250 1587 2312 gramine
1619 2250 1721 2300 vidi

237 2318 525 2365 Tondentes
560 2333 790 2379 campum
826 2319 937 2374 late,
975 2318 1187 2365 candore
1223 2316 1382 2365 nivali.

238 2385 302 2431 Et
337 2392 474 2445 pater
507 2383 747 2432 Anchises
786 2385 1019 2442 ‘Bellum‚
1056 2399 1087 2432 o
1122 2392 1246 2431 terra
1279 2382 1487 2445 hospita,
1523 2391 1717 2446 portas:

242 2451 408 2497 ‘Bello
443 2458 690 2497 armantur
726 2449 850 2511 equi,
889 2450 1071 2498 bellum
1106 2451 1228 2497 haec
1263 2458 1483 2497 armenta
1517 2449 1774 2498 minantur.

240 2517 366 2564 ‘Sed
401 2524 564 2563 tamen
598 2515 730 2563 idem
769 2516 887 2563 olim
921 2532 1061 2563 curru
1098 2517 1360 2564 succedere
1396 2515 1521 2564 sueti
1793 2531 1883 2578 541

241 2582 639 2643 ‘Quadrupedes‚
678 2591 727 2630 et
761 2583 895 2630 frena
928 2581 1043 2644 iugo
1078 2581 1341 2630 concordia
1374 2584 1525 2630 ferre:

241 2649 387 2710 ‘Spes
423 2657 472 2695 et
505 2648 667 2709 pacis’
703 2647 778 2695 ait.
852 2650 984 2695 Tum
1019 2648 1219 2696 numina
1253 2659 1422 2696 sancta
1454 2663 1707 2710 precamur

240 2713 451 2761 Palladis
487 2714 774 2772 armisonae,
813 2730 939 2774 quae
973 2714 1128 2776 prima
1161 2715 1351 2775 accepit
1385 2724 1599 2772 ovantes,

242 2782 306 2827 Et
340 2779 501 2841 capita
534 2788 648 2828 ante
681 2796 786 2828 aras
824 2781 1032 2842 Phrygio
1065 2782 1284 2828 velamur
1317 2779 1498 2827 amictu
1513 2797 1527 2840 3
1793 2794 1885 2842 545
1937 2827 1942 2830 .

242 2845 613 2907 Praeceptisque
651 2845 848 2902 Heleni,
886 2847 1088 2894 dederat
1122 2862 1249 2907 quae
1284 2845 1508 2898 maxima,
1544 2845 1634 2896 rite
