2040 3198
658 134 1060 185 AENEIDOS
1089 135 1232 184 LIB.
1270 135 1376 183 III.
1791 152 1847 196 27

181 242 532 307 Diripiantque
566 245 720 307 dapes
757 253 1091 307 contactuque
1126 244 1294 293 omnia
1327 245 1531 292 foedant

182 312 469 370 Immundo,
505 318 610 359 tum
646 328 744 361 vox
778 320 987 360 taetrum
1025 312 1129 360 dira
1164 311 1291 359 inter
1325 312 1543 359 odorem.

180 378 399 427 Rursum
435 377 486 426 in
523 394 719 427 secessu
755 381 905 441 longo
941 379 1032 427 sub
1068 394 1188 440 rupe
1223 387 1395 426 cavata

179 444 452 494 Arboribus
487 446 704 494 clausam
741 445 924 494 circum
960 454 1107 507 atque
1142 445 1453 493 horrentibus
1487 444 1673 492 umbris
1757 461 1851 507 230

181 511 476 561 Instruimus
510 529 706 561 mensas
740 511 934 574 arisque
969 512 1252 574 reponimus
1288 511 1483 573 ignem:

181 580 398 628 Rursum
434 595 494 628 ex
528 579 723 628 diverso
757 579 882 627 caeli
917 578 1175 641 caecisque
1210 578 1408 627 latebris

179 646 348 695 Turba
382 662 564 695 sonans
599 647 834 709 praedam
870 645 1081 708 pedibus
1116 646 1437 694 circumvolat
1470 644 1625 705 uncis,

182 713 366 762 Polluit
401 729 486 762 ore
521 714 688 776 dapes.
761 712 917 762 Sociis
953 722 1071 761 tunc
1106 729 1242 761 arma
1275 723 1532 774 capessant

181 780 356 839 Edico,
395 788 445 830 et
479 780 585 829 dira
620 782 803 829 bellum
839 796 954 828 cum
990 790 1137 843 gente
1171 781 1456 842 gerendum.
1480 812 1511 829 ,
1756 794 1846 841 235

181 847 339 896 Haud
375 863 517 896 secus
553 863 612 895 ac
646 847 764 896 iussi
798 846 997 906 faciunt,
1035 856 1292 909 tectosque
1327 862 1416 908 per
1451 846 1654 894 herbam

181 913 471 977 Disponunt
506 930 651 963 enses
686 924 736 963 et
771 923 911 963 scuta
946 914 1149 963 latentia
1182 915 1420 962 condunt.

181 982 311 1044 Ergo
344 980 430 1030 ubi
465 982 698 1044 delapsae
734 981 949 1030 sonitum
985 997 1073 1044 per
1107 997 1254 1029 curva
1289 980 1470 1028 dedere

181 1047 359 1107 Litora,
399 1050 484 1097 dat
519 1048 712 1111 signum
748 1050 949 1111 specula
974 1048 1210 1115 „Misenus
1230 1047 1310 1104 *ab
1345 1048 1445 1095 alta

179 1117 308 1164 Aere
343 1132 479 1165 cavo.
554 1116 804 1164 Invadunt
840 1115 962 1164 socii
997 1111 1046 1164 et
1082 1131 1212 1164 nova
1246 1114 1434 1177 proelia
1467 1122 1674 1174 tentant,
1756 1130 1850 1172 240

181 1183 439 1232 Obscenas
473 1183 636 1245 pelagi
672 1184 798 1232 ferro
833 1183 1032 1231 foedare
1069 1183 1305 1230 volucres.

179 1250 278 1299 Sed
311 1266 474 1313 neque
507 1249 608 1299 vim
644 1250 826 1312 plumis
862 1251 1012 1298 ullam
1048 1265 1141 1297 nec
1175 1250 1376 1297 volnera
1411 1257 1548 1312 tergo

179 1317 459 1380 Accipiunt,
498 1317 744 1379 celerique
777 1319 894 1379 fuga
928 1317 1019 1366 sub
1054 1315 1214 1365 sidera
1246 1318 1416 1378 lapsae

179 1386 429 1434 Semesam
467 1385 698 1447 praedam
734 1393 783 1433 et
819 1383 1022 1447 vestigia
1055 1384 1204 1432 foeda
1237 1382 1533 1445 relinquont.

181 1453 300 1502 Una
333 1451 385 1500 in
420 1453 671 1515 praecelsa
705 1451 931 1500 consedit
966 1467 1087 1514 rupe
1124 1452 1359 1510 Celaeno,
1752 1464 1844 1512 245

181 1518 361 1568 Infelix
394 1528 547 1580 vates,
584 1519 868 1582 rumpitque
901 1520 1031 1567 hanc
1065 1529 1268 1581 pectore
1307 1533 1514 1566 vocem:

183 1587 404 1635 ‘Bellum
438 1586 587 1636 etiam
622 1602 714 1648 pro
749 1587 903 1635 caede
938 1587 1093 1634 boum
1128 1584 1385 1647 stratisque
1420 1583 1651 1643 iuvencis,

182 1652 682 1714 ‘Laomedontiadae,
719 1655 970 1702 bellumne
1004 1653 1180 1702 inferre
1214 1652 1394 1716 paratis

182 1723 278 1770 ‘Et
311 1720 470 1784 patrio
507 1721 757 1784 Harpyias
793 1720 1013 1769 insontes
1048 1722 1230 1782 pellere
1266 1721 1448 1782 regno?

181 1787 437 1852 ‘Accipite
472 1804 588 1851 ergo
623 1787 800 1836 animis
835 1798 984 1848 atque
1018 1789 1142 1836 haec
1177 1803 1289 1835 mea
1324 1788 1458 1849 figite
1494 1785 1640 1846 dicta,
1751 1803 1774 1832 2
1783 1801 1846 1848 50

182 1856 354 1920 ‘Quae
389 1857 595 1905 Phoebo
632 1857 779 1904 Pater
812 1854 1147 1917 omnipotens,
1173 1854 1295 1902 mihi
1330 1855 1562 1902 Phoebus
1598 1855 1782 1917 Apollo

182 1923 469 1982 ‘Praedixit‚
495 1922 636 1972 vobis
673 1923 927 1971 Furiarum
963 1938 1056 1985 ego
1092 1921 1307 1970 maxima
1342 1921 1523 1984 pando.

182 1989 406 2039 ‘Italiam
441 2007 584 2039 cursu
618 1989 796 2053 petitis,
834 1989 1090 2052 ventisque
1124 1988 1310 2037 vocatis

181 2061 194 2084 ‘
214 2057 356 2107 Ibitis
392 2057 587 2106 Italiam
620 2067 890 2119 portusque
925 2056 1104 2105 intrare
1137 2056 1306 2104 licebit
1322 2073 1336 2115 3

181 2126 306 2175 ‘Sed
341 2141 443 2174 non
478 2133 594 2173 ante
629 2125 796 2173 datam
831 2123 1036 2187 cingetis
1071 2123 1331 2172 moenibus
1366 2124 1553 2183 urbem,
1754 2137 1844 2186 255

181 2193 380 2254 ‘Quam
414 2207 504 2241 vos
538 2191 644 2240 dira
678 2192 831 2240 fames
868 2201 1165 2253 nostraeque
1199 2190 1374 2238 iniuria
1415 2190 1580 2240 caedis

180 2261 451 2309 ‘Ambesas
485 2258 679 2321 subigat
713 2259 854 2307 malis
888 2261 1146 2308 absumere
1182 2260 1408 2308 mensas?

180 2326 332 2386 Dixit,
369 2335 420 2376 et
454 2326 505 2375 in
541 2326 712 2375 silvam
747 2325 911 2389 pinnis
946 2327 1112 2374 ablata
1145 2327 1332 2388 refugit.

179 2396 247 2443 At
281 2393 428 2443 sociis
463 2393 626 2442 subita
658 2394 850 2456 gelidus
886 2392 1148 2442 formidine
1183 2391 1382 2455 sanguis

181 2460 426 2525 Deriguit:
473 2461 696 2510 cecidere
730 2460 896 2521 animi,
934 2476 1029 2509 nec
1061 2458 1162 2508 iam
1196 2461 1408 2522 amplius
1444 2458 1590 2508 armis
1753 2461 1847 2506 260

180 2529 279 2578 Sed
312 2527 438 2577 votis
472 2527 799 2591 precibusque
834 2528 1005 2577 iubent
1040 2543 1306 2590 exposcere
1340 2543 1533 2589 pacem,

180 2597 294 2645 Sive
328 2596 452 2644 deae
486 2611 575 2644 seu
610 2595 709 2644 sint
744 2596 879 2644 dirae
914 2596 1262 2656 obscenaeque
1295 2595 1530 2643 volucres.

181 2664 245 2711 Et
280 2671 422 2726 pater
455 2662 698 2712 Anchises
734 2662 889 2725 passis
926 2663 989 2711 de
1024 2661 1166 2710 litore
1204 2660 1379 2724 palmis

180 2730 401 2784 Numina
434 2746 614 2793 magna
646 2740 792 2779 vocat
826 2729 1125 2791 meritosque
1160 2728 1334 2777 indicit
1367 2729 1611 2777 honores:

183 2797 276 2846 ‘Di
314 2796 572 2859 prohibete
607 2796 797 2857 minas;
843 2796 895 2845 di
930 2797 1078 2845 tale'm
1113 2795 1316 2844 avertite
1352 2811 1521 2844 casum
1752 2797 1842 2857 265

183 2866 276 2913 ‘Et
309 2863 493 2927 placidi
529 2874 716 2913 servate
752 2863 893 2927 pios.'
961 2865 1093 2912 Tum
1129 2862 1271 2912 litore
1306 2864 1473 2911 funem
