2040 3198
74 2910 109 2992 5⁴⁴¹·-

267 164 328 222 36
693 161 751 207 P.
795 159 1111 209 VERGILI
1134 161 1489 209 MARONIS

265 270 328 316 Et
362 269 529 315 lunam
563 267 615 316 in
648 267 819 317 nimbo
855 284 953 316 nox
986 268 1279 331 intempesta
1314 270 1524 318 tenebat.
1545 285 1574 299 *f

331 337 532 382 Postera
564 334 760 396 iamque
794 335 900 384 dies
934 335 1092 398 primo
1129 337 1353 398 surgebat
1390 339 1512 397 Eoo,

264 403 629 462 Umentemque
664 405 854 449 Aurora
888 404 1007 463 polo
1043 402 1315 451 dimoverat
1348 404 1604 452 umbram:

264 468 392 516 Cum
427 467 591 516 subito
625 484 654 516 e
688 467 819 516 silvis
854 468 1011 517 macie
1046 471 1269 517 confecta
1303 485 1528 531 suprema

265 534 428 595 Ignoti
462 550 593 582 nova
627 536 783 582 forma
817 534 903 583 viri
939 534 1312 597 miserandaque
1347 538 1480 584 cultu

264 601 490 649 Procedit
524 603 829 663 supplexque
864 618 1036 649 manus
1071 603 1135 650 ad
1168 602 1309 650 litora
1342 602 1512 652 tendit.

263 667 606 729 Respicimus:
643 668 748 715 dira
781 667 987 716 inluvies
1021 668 1318 731 inmissaque
1354 670 1518 728 barba,

264 734 558 782 Consertum
595 744 823 796 tegumen
859 734 1010 796 spinis
1027 753 1041 794 3
1075 744 1123 783 at
1158 744 1320 783 cetera
1355 737 1546 795 Graius,

264 802 327 848 Et
362 802 612 862 quondam
646 800 811 862 patriis
846 802 911 849 ad
945 802 1144 849 Troiam
1179 802 1354 850 missus
1390 801 1440 850 in
1475 801 1633 851 armis.

264 868 413 927 Isque
447 866 531 915 ubi
566 867 844 916 Dardanios
879 867 1072 916 habitus
1107 877 1155 916 et
1189 871 1338 916 Troia
1369 869 1490 917 vidit

263 936 414 980 Arma
446 935 631 995 procul,
666 936 867 997 paulum
902 944 1104 997 aspectu
1139 934 1425 983 conterritus
1461 935 1616 984 haesit

265 999 619 1062 Continuitque
653 1001 855 1062 gradum
871 1018 886 1061 3
921 1017 1036 1049 mox
1071 1017 1177 1049 sese
1212 1003 1277 1050 ad
1310 1003 1453 1050 litora
1485 1018 1716 1064 praeceps

264 1068 392 1116 Cum
428 1068 543 1115 fietu
578 1068 901 1129 precibusque
937 1068 1076 1117 tulit:
1115 1070 1236 1116 ‘Per
1270 1068 1429 1116 sidera
1463 1076 1626 1128 testor,

264 1137 276 1158 ‘
298 1135 390 1181 Per
424 1149 627 1196 superos
661 1143 810 1195 atque
844 1135 940 1182 hoc
974 1133 1097 1182 caeli
1130 1134 1360 1197 spirabile
1395 1150 1592 1193 numen,

266 1201 476 1248 ‘Tollite
509 1216 604 1258 me,
641 1201 852 1249 Teucri·
837 1237 852 1260 ,
886 1217 1221 1263 quascumque
1254 1202 1486 1249 abducite
1521 1210 1699 1250 terras:

267 1268 414 1314 ‘Hoc
449 1275 522 1314 sat
557 1266 658 1314 erit.
730 1268 842 1315 Scio
877 1283 956 1315 me
993 1269 1179 1315 Danais
1213 1284 1240 1316 e
1276 1268 1511 1315 classibus
1547 1283 1715 1326 unum,

265 1335 358 1380 ‘Et
391 1334 523 1381 bello
561 1334 740 1381 Iliacos
774 1321 928 1382 fateor
962 1334 1160 1395 petiisse
1196 1343 1411 1409 penates.

266 1401 389 1447 ‘Pro
426 1415 538 1461 quo,
579 1399 619 1447 si
654 1399 846 1448 sceleris
880 1409 1016 1447 tanta
1051 1409 1125 1448 est
1158 1400 1331 1448 iniuria
1365 1400 1533 1474 nostri,

267 1466 511 1528 ‘Spargite
547 1482 626 1514 me
662 1465 711 1513 in
748 1467 921 1514 fluctus
955 1477 1193 1529 vastoque
1227 1466 1482 1529 inmergite
1517 1475 1685 1529 ponto.

265 1533 343 1580 ‘Si
377 1548 539 1595 pereo,
576 1532 833 1580 hominum
867 1534 1095 1581 manibus
1130 1534 1331 1596 periisse
1364 1534 1580 1583 iuvabit.’

263 1600 480 1658 Dixerat,
517 1608 566 1647 et
600 1615 759 1662 genua
793 1602 1043 1662 amplexus
1076 1600 1380 1662 genibusque
1413 1602 1637 1648 volutans

265 1667 530 1714 Haerebat.
603 1666 701 1727 Qui
735 1665 797 1713 sit
831 1666 933 1721 fari,
970 1682 1068 1728 quo
1104 1666 1340 1728 sanguine
1375 1675 1547 1726 cretus,

265 1734 548 1791 Hortamur,
586 1748 712 1793 quae
747 1733 927 1780 deinde
962 1735 1111 1794 agitet
1148 1736 1340 1781 fortuna
1374 1734 1525 1780 fateri.

263 1800 379 1860 Ipse
415 1807 551 1860 pater
584 1800 804 1846 dextram
839 1800 1081 1847 Anchises
1115 1800 1247 1847 haud
1285 1801 1435 1846 multa
1469 1807 1684 1847 moratus

264 1866 364 1913 Dat
399 1865 574 1925 iuveni,
615 1874 763 1926 atque
797 1866 1015 1913 animum
1048 1865 1292 1927 praesenti
1326 1864 1528 1928 pignore
1563 1867 1734 1913 firmat.

264 1933 354 1979 Ille
389 1933 511 1979 haec
546 1933 769 1994 deposita
804 1933 1004 1980 tandem
1039 1931 1300 1980 formidine
1332 1933 1486 1980 fatur:

265 2000 410 2046 ‘Sum
445 2000 603 2059 patria
637 2015 697 2046 ex
734 1999 918 2057 Ithaca,
955 2014 1123 2047 comes
1158 1997 1363 2046 infelicis
1399 1998 1550 2058 Ulixi,

265 2065 509 2112 ‘Nomine
544 2066 951 2124 Achaemenides,
988 2066 1188 2112 Troiam
1224 2066 1443 2127 genitore
1476 2065 1749 2113 Adamasto

264 2133 514 2193 ‘Paupere
550 2131 926 2193 (mansissetque
960 2132 1147 2179 utinam
1182 2133 1376 2179 fortuna
1395 2131 1425 2194 !)
1461 2132 1722 2193 profectus.

264 2198 397 2245 ‘Hic
431 2213 526 2257 me,
563 2199 683 2245 durn
718 2199 894 2259 trepidi
930 2199 1146 2245 crudelia
1179 2198 1348 2245 limina
1381 2199 1625 2259 linquunt,

265 2265 596 2312 ‘Inmemores
632 2264 750 2311 socii
786 2274 925 2312 vasto
961 2265 1191 2326 Cyclopis
1225 2265 1277 2311 in
1310 2272 1450 2312 antro

264 2332 576 2378 ‘Deseruere
651 2332 845 2378 Domus
881 2330 1015 2378 sanie
1050 2331 1360 2392 dapibusque
1395 2331 1620 2389 cruentis,

263 2399 433 2444 ‘Intus
468 2412 637 2458 opaca,
675 2397 859 2459 ingens.
932 2398 1049 2458 Ipse
1083 2398 1260 2444 arduus
1295 2399 1490 2459 altaque
1524 2397 1714 2459 pulsat„

265 2467 276 2488 ‘
294 2463 463 2511 Sidera
499 2463 568 2527 (di
605 2464 751 2510 talem
788 2464 924 2511 terris
958 2463 1159 2511 avertite
1194 2471 1383 2525 pestem
1404 2465 1435 2527 1)

264 2531 401 2576 ‘Nec
435 2530 541 2576 visu
575 2529 727 2576 facilis
762 2545 855 2577 nec
890 2531 1024 2577 dictu
1057 2529 1262 2578 affabilis
1297 2529 1393 2576 ulli.

264 2595 569 2643 ‘Visceribus
604 2595 889 2643 miserorum
925 2605 972 2643 et
1007 2596 1241 2658 sanguine
1275 2597 1486 2644 vescitur
1519 2604 1635 2644 atro.

265 2661 407 2709 ‘Vidi
442 2670 637 2723 egomet
672 2662 771 2709 duo
806 2663 870 2709 de
905 2678 1109 2710 numero
1144 2678 1258 2710 cum
1293 2678 1498 2724 corpora
1531 2672 1699 2710 nostro

264 2730 475 2774 ‘Prensa
511 2744 657 2774 manu
694 2744 871 2790 magna
904 2730 1069 2776 medio
1104 2727 1360 2790 resupinus
1394 2729 1444 2775 in
1479 2739 1620 2776 antro

265 2795 552 2854 ‘Frangeret
587 2796 651 2841 ad
686 2810 871 2852 saxum,
909 2794 1143 2856 sanieque
1176 2810 1380 2855 expersa
1413 2802 1634 2841 natarent

265 2859 487 2906 ‘Limina
501 2877 516 2919 ,-
551 2859 650 2907 vidi
685 2868 790 2908 atro
828 2875 940 2907 cum
975 2863 1196 2908 membra
1229 2860 1428 2908 fluentia
1461 2861 1579 2909 tabo

1819 484 1914 534 590

1819 816 1910 865 595

1818 1136 1914 1182 600

1819 1468 1911 1528 605

1819 1800 1913 1846 610

1818 2132 1910 2193 615

1817 2463 1913 2510 620

1813 2794 1906 2854 625
