2040 3198
379 143 405 168 ⁶
592 139 994 188 AENEIDOS
1026 141 1167 186 LIB.
1206 141 1311 187 III.

119 223 318 305 ‘Quam
352 250 461 292 tuta
491 242 653 305 possis
687 244 861 291 urbem
897 259 1197 306 componere
1232 253 1369 293 terra.

127 309 301 372 ‘Signa
333 309 423 358 tibi
458 309 635 370 dicam,
672 318 726 358 tu
761 309 961 358 condita
995 319 1161 359 mente
1196 320 1397 359 teneto:

126 379 140 404 ‘
158 377 289 426 Cum
325 375 414 425 tibi
449 376 660 425 sollicito
696 376 868 425 secreti
903 378 967 425 ad
1003 376 1216 424 fluminis
1252 379 1438 425 undam

127 442 364 492 ‘Litoreis
398 442 573 506 ingens
607 442 808 492 inventa
842 445 934 492 sub
969 443 1161 492 ilicibus
1197 460 1278 492 sus

125 509 378 573 ‘Triginta
411 509 629 572 capitum
663 511 791 558 fetus
826 510 969 559 enixa
1003 510 1197 572 iacebit,

59 635 66 641 ·
125 577 297 635 ‘Alba,
333 578 440 626 solo
476 577 730 635 recubans,
766 576 867 625 albi
902 576 1085 624 circum
1122 580 1274 626 ubera
1308 578 1425 636 nati,

124 636 381 693 ‘mocus
416 643 550 692 urbis
585 642 687 703 erit,
725 643 916 706 requies
952 659 1012 692 ea
1046 654 1179 692 certa
1214 645 1451 693 laborum.
1473 665 1489 679 ·

123 712 264 760 ‘Nec
298 719 352 759 tu
387 726 664 759 mensarum
701 726 893 759 morsus
927 710 1155 759 horresce
1190 712 1406 760 futuros:

123 779 279 826 ‘Fata
310 777 441 826 viam
476 777 728 826 invenient
763 776 1017 839 aderitque
1052 786 1254 826 vocatus
1289 779 1486 841 Apollo.

124 846 265 893 ‘Has
298 854 464 893 autem
499 853 648 893 terras
687 844 898 906 Italique
934 845 1062 892 hanc
1098 845 1250 893 litoris
1285 861 1438 904 oram,

125 911 379 960 ‘Proxima
413 926 542 974 quae
575 910 731 959 nostri
765 911 1071 973 perfunditur
1105 911 1333 973 aequoris
1369 921 1520 971 aestu,

124 979 351 1042 ‘Effugez
397 986 579 1026 cuncta
613 977 753 1026 malis
788 977 1071 1026 habitantur
1104 978 1303 1026 moenia
1338 979 1492 1028 Grais.

124 1050 137 1073 ‘
154 1044 258 1094 Hic
292 1054 341 1094 et
378 1044 576 1108 Narycii
610 1053 883 1107 posuerunt
919 1044 1116 1093 moenia
1151 1045 1295 1093 Locri

126 1114 219 1162 ‘Et
251 1111 546 1162 Sallentinos
581 1111 777 1161 obsedit
811 1111 964 1160 milite
1001 1128 1204 1174 campos

124 1178 351 1242 ‘Lyctius
387 1179 719 1228 Idomeneus:
758 1177 838 1227 hic
873 1179 955 1226 illa
990 1179 1129 1227 ducis
1166 1178 1406 1228 Meliboei

125 1250 138 1273 ‘
156 1249 313 1295 Parva
347 1246 651 1295 Philoctetae
686 1246 896 1294 subnixa
933 1240 1117 1296 Petelie
1153 1262 1306 1294 muro.

125 1312 286 1376 ‘Quin
320 1312 407 1362 ubi
439 1312 752 1361 transmissae
787 1312 1008 1361 steterint
1043 1322 1176 1360 trans
1211 1329 1428 1375 aequora
1461 1314 1654 1372 classeS,

124 1383 221 1430 ‘Et
254 1379 431 1444 positis
465 1379 560 1429 aris
595 1380 692 1428 iam
729 1389 843 1428 vota
878 1379 930 1427 in
964 1380 1105 1428 litore
1141 1381 1313 1441 solves,

124 1449 406 1510 ‘Purpureo
439 1448 601 1496 velare
635 1463 804 1495 comas
839 1448 1108 1510 adopertus
1143 1447 1340 1507 amictu,

125 1516 231 1564 ‘Ne
265 1530 365 1577 qua
397 1513 526 1563 inter
559 1523 756 1562 sanctos
790 1513 928 1577 ignes
963 1514 1015 1562 in
1050 1515 1237 1562 honore
1274 1515 1479 1562 deorum

110 1581 364 1630 ·‘Hostilis
398 1581 548 1630 facies
583 1590 803 1630 occurrat
838 1591 887 1629 et
922 1581 1091 1629 omina
1125 1583 1299 1630 turbet.

126 1651 308 1698 ‘Hunc
342 1647 463 1698 socii
497 1664 687 1697 morem
723 1664 985 1707 sacrorum,
1023 1649 1157 1696 hunc
1191 1648 1296 1711 ipse
1332 1658 1514 1707 teneto,

125 1722 138 1744 ‘
157 1717 272 1765 Hac
305 1715 428 1765 casti
462 1724 696 1764 maneant
729 1715 781 1763 in
816 1715 1051 1778 religione
1087 1726 1306 1778 nepotes.

124 1785 244 1832 ‘Ast
277 1781 363 1832 ubi
395 1782 667 1846 digressum
704 1782 895 1831 Siculae
930 1791 979 1831 te
1015 1783 1289 1831 admoverit
1324 1799 1438 1831 orae

125 1851 359 1910 ‘Ventus‚
396 1859 446 1899 et
480 1849 675 1912 angusti
708 1858 955 1898 rarescent
990 1851 1198 1898 claustra
1235 1850 1410 1908 Pelori,

126 1918 316 1966 ‘Laeva
348 1916 439 1965 tibi
472 1918 616 1966 tellus
651 1926 700 1966 et
733 1918 881 1979 longo
917 1918 1055 1965 laeva
1089 1926 1319 1979 petantur

124 1987 382 2047 ‘Aequora
415 1982 620 2033 circuitu
629 2001 643 2043 3
690 1984 917 2032 dextrum
952 1985 1064 2046 fuge
1098 1984 1212 2032 litus
1247 1993 1296 2032 et
1331 1985 1502 2032 undas.

125 2053 300 2100 ‘Haec
331 2052 444 2100 loca
476 2050 525 2099 vi
559 2052 813 2114 quondam
849 2061 898 2100 et
931 2060 1070 2099 vasta
1103 2053 1338 2099 convolsa
1373 2051 1514 2099 ruina

127 2118 391 2184 ‘(Tantum
425 2117 534 2167 aevi
566 2118 836 2181 longinqua
869 2119 1000 2166 valet
1034 2127 1224 2167 mutare
1258 2118 1495 2183 vetustas)

126 2184 435 2234 ‘Dissiluisse
468 2186 643 2243 ferunt,
681 2201 795 2233 cum
831 2185 1054 2248 protinus
1090 2195 1298 2248 utraque
1335 2187 1478 2234 tellus

125 2253 272 2303 ‘Una
305 2253 459 2301 foret:
505 2251 640 2301 venit
674 2251 842 2301 medio
877 2252 926 2300 vi
960 2261 1142 2316 pontus
1177 2261 1227 2301 et
1261 2252 1408 2301 undis

124 2318 456 2382 ‘Hesperium
493 2318 659 2368 Siculo
693 2320 820 2367 latus
855 2319 1079 2376 abscidit,
1116 2321 1330 2382 arvaque
1365 2328 1415 2368 et
1452 2321 1596 2368 urbes

126 2385 319 2439 ‘Litore
352 2385 580 2435 diductas
613 2395 824 2450 angusto
859 2385 1075 2435 interluit
1110 2396 1261 2435 aestu.

125 2453 394 2503 ‘Dextrum
429 2453 592 2516 Scylla
624 2454 766 2513 latus,
803 2454 997 2501 laevum
1034 2453 1281 2517 inplacata
1317 2453 1593 2517 Charybdis

125 2519 378 2579 ‘Obsidet,
413 2528 564 2582 atque
598 2518 700 2568 imo
735 2520 949 2569 barathri
983 2529 1056 2569 ter
1089 2521 1278 2584 gurgite
1313 2531 1478 2570 vastos

125 2588 331 2638 ‘Sorbet
365 2585 417 2634 in
452 2587 713 2649 abruptum
751 2588 927 2635 fluctus
962 2604 1224 2650 rursusque
1261 2589 1352 2636 sub
1388 2604 1529 2636 auras
1560 2634 1572 2646 ,

127 2653 309 2717 ‘Erigit
342 2654 556 2703 alternos
594 2663 641 2702 et
677 2654 838 2702 sidera
872 2656 1094 2703 verberat
1129 2656 1276 2703 unda.

125 2721 466 2787 ‘At-Scyllam
501 2720 660 2769 caecis
695 2721 894 2769 cohibet
929 2723 1165 2784 spelunca
1198 2721 1396 2770 latebris

113 2787 257 2856 r‘Qra
289 2795 591 2836 exertantem
626 2797 676 2836 et
711 2804 860 2836 naves
894 2787 943 2836 in
981 2805 1099 2837 saxa
1130 2790 1418 2837 trahentem.

129 2852 316 2903 ‘Prima
338 2852 564 2914 ⁷hominis
597 2853 746 2903 facies
781 2863 830 2903 et
863 2856 1071 2916 pulchro
1105 2865 1304 2919 pectore
1339 2856 1474 2919 virgo

1721 153 1779 199 31

1688 458 1786 505 390

1689 792 1782 840 395

1689 1128 1785 1172 400

1689 1462 1782 1510 405

1686 1800 1782 1842 410

1687 2136 1781 2181 415

1687 2471 1782 2514 420

1686 2804 1780 2852 425
