2040 3198
506 673 562 724 P.
609 673 940 725 VERGILI
996 673 1363 726 MARoNis

475 815 554 887 A
609 813 679 887 E
732 814 806 888 N
863 814 931 888 E
987 815 1020 888 Ι
1076 815 1154 889 D
1209 816 1282 890 O
1336 815 1392 892 S

650 978 862 1025 LIBER
909 981 1216 1028 TERTIUS

1522 1066 1779 1142 qaeu-⁴
1797 1095 1878 1134 ικ
1889 1065 1960 1141 x(

115 1185 424 1243 ‘POSTQUAM
457 1203 533 1235 res
567 1186 716 1235 Asiae
754 1186 1032 1261 Priamique
1066 1194 1282 1234 evertere
1318 1194 1516 1255 gentem
1575 1188 1693 1286 s
1668 1183 1737 1263 j
1922 1203 1966 1281 f

97 1251 384 1300 Inmeritam
421 1253 578 1301 visum
616 1253 816 1315 superis,
859 1252 1137 1314 ceciditque
1172 1254 1438 1313 superbum
1694 1240 1755 1282 ⁴
1747 1249 1800 1275 ἱ
1801 1249 1916 1278 ⁴⁴⁴⁹

160 1334 246 1366 um
281 1327 331 1368 et
365 1319 528 1368 omnis
562 1321 716 1367 humo
752 1320 910 1368 fumat
947 1318 1199 1381 Neptunia
1233 1318 1396 1378 Troia,

97 1384 305 1434 Diversa
340 1386 485 1435 exilia
519 1395 570 1435 et
605 1387 822 1435 desertas
858 1401 1092 1448 quaerere
1127 1395 1277 1433 terras

92 1451 322 1515 Auguriis
357 1452 547 1516 agimur
580 1453 763 1514 divom,
801 1455 1106 1515 classemque
1142 1454 1234 1501 sub
1270 1452 1377 1514 ipsa
1731 1469 1758 1513 5

91 1519 352 1569 Antandro
387 1529 437 1569 et
471 1520 708 1584 Phrygiae
744 1521 976 1568 molimur
1010 1520 1260 1568 montibus
1298 1520 1432 1579 Idae,

93 1585 276 1635 Incerti
310 1602 411 1649 quo
445 1587 546 1636 fata
577 1589 751 1648 ferant,
788 1587 874 1635 ubi
909 1587 1076 1635 sistere
1113 1589 1270 1645 detur,

93 1653 542 1717 Contrahimusque
575 1655 718 1704 viros.
788 1653 885 1702 Vix
918 1654 1075 1717 prima
1109 1653 1360 1715 inceperat
1394 1663 1565 1714 aestas,

93 1720 159 1768 Et
191 1729 332 1784 pater
366 1721 608 1771 Anchises
644 1723 763 1771 dare
797 1721 908 1770 fatis
943 1723 1054 1770 vela
1087 1721 1305 1780 iubebat,

93 1785 261 1836 Litora
286 1799 409 1837 ‘cum
443 1788 631 1852 patriae
665 1787 922 1837 lacrimans
957 1797 1227 1851 portusque
1261 1787 1487 1849 relinquo
1699 1805 1756 1834 10

91 1854 155 1902 Et
189 1870 408 1918 campos,
445 1856 531 1904 ubi
566 1856 717 1905 Troia
750 1856 854 1905 suit.
927 1857 1079 1904 Feror
1114 1855 1226 1903 exul
1259 1853 1311 1902 in
1346 1856 1499 1902 altum

91 1921 220 1970 Cum
254 1922 401 1971 sociis
436 1932 667 1986 natoque,
707 1922 976 1971 Penatibus
1013 1932 1062 1971 et
1097 1921 1288 1984 magnis
1325 1921 1429 1970 Dis.

155 1989 307 2038 Terra
342 1992 513 2053 procul
546 1990 697 2039 vastis
732 1990 907 2038 colitur
943 1989 1190 2037 Mavortia
1225 1990 1430 2050 campis,

89 2053 328 2119 (Thraces
363 2056 525 2123 arant)
561 2057 661 2106 acri
695 2057 948 2120 quondam
985 2066 1185 2131 regnata
1221 2058 1461 2119 Lycurgo,

90 2123 381 2189 Hospitium
415 2124 674 2187 antiquum
712 2123 892 2173 Troiae
928 2124 1150 2186 sociique
1187 2125 1412 2181 Penates,
1693 2138 1750 2186 15

90 2189 226 2239 Dum
261 2192 456 2240 fortuna
490 2192 595 2242 fuit.
668 2193 819 2240 Feror
852 2193 965 2249 huc,
1003 2199 1052 2240 et
1086 2190 1228 2239 litore
1264 2205 1415 2238 curvo
1872 2209 1890 2235 ‚e
2002 2190 2028 2253 r!

90 2257 296 2306 Moenia
329 2257 488 2320 prima
521 2259 634 2307 loco
669 2257 780 2307 fatis
815 2258 1061 2321 ingressus
1096 2256 1292 2320 iniquis,
1573 2271 1627 2316 ρ(
1729 2263 1817 2298 im·
1883 2259 1909 2289 ’ἱ
1952 2266 1991 2293 '⁴
2024 2254 2040 2287 ἓ

40 2325 446 2396 Aeneadasque
481 2342 595 2374 meo
630 2342 815 2375 nomen
851 2327 915 2374 de
950 2325 1156 2374 nomine
1191 2325 1336 2387 fingo.
1429 2272 1608 2395 (f
1579 2355 1595 2370 ι
1895 2323 2040 2433 A&

40 2375 314 2441 Sacra
327 2391 597 2442 Dionaeae
625 2391 766 2441 matri
802 2392 1032 2455 divisque
1060 2394 1278 2440 ferebam
1437 2396 1469 2406 υ
1485 2387 1546 2423 ³
1574 2361 1853 2467 5³⁹5*
1830 2380 1852 2411 ἕ
1907 2444 1917 2460 2
1945 2450 1952 2460 J

84 2459 385 2522 Auspicibus
420 2469 710 2522 coeptorum
747 2476 967 2522 operum,
1006 2474 1282 2522 superoque
1318 2434 1566 2506 nitenfem
1590 2461 1601 2473 ²
1636 2458 1645 2499 ἰ
1689 2456 1759 2512 zo(
1831 2463 1870 2489 ἢ
1915 2478 1917 2480 ·
1987 2463 2021 2489 ῑ’

83 2525 389 2576 Caelicolum
423 2527 524 2590 regi
559 2528 839 2576 mactabam
875 2526 925 2575 in
961 2526 1103 2575 litore
1137 2535 1343 2575 taurum.

83 2593 232 2642 Forte
265 2593 358 2642 fuit
391 2593 527 2642 iuxta
561 2596 791 2653 tumulus,
830 2610 928 2657 quo
965 2609 1146 2642 cornea
1181 2608 1376 2640 summo

82 2658 304 2722 Virgulta
337 2670 386 2710 et
421 2661 587 2710 densis
621 2660 877 2710 hastilibus
911 2660 1108 2709 horrida
1143 2670 1341 2723 myrtus.

80 2726 297 2786 Accessi,
333 2725 637 2803 viridemque
673 2729 736 2776 ab
773 2730 925 2776 humo
961 2728 1237 2776 convellere
1273 2726 1444 2774 silvam

78 2790 317 2852 Conatus,
355 2794 501 2843 ramis
535 2803 750 2858 tegerem
787 2803 841 2843 ut
874 2793 1218 2842 frondentibus
1253 2810 1374 2853 aras,
1683 2809 1740 2856 25

83 2831 404 2909 Horrendum
439 2870 489 2910 et
525 2861 660 2910 dictu
695 2861 841 2910 video
876 2861 1098 2910 mirabile
1133 2869 1420 2909 monstrum.
