2040 3198
96 1310 144 1390 rx-

258 175 317 221 32
687 161 744 207 P.
787 160 1105 209 VERGJLJ
1128 163 1480 214 MARONJS
1629 174 1654 197 ⁶

259 269 424 316 ‘Pube
459 277 617 327 tenus,
652 277 901 331 postrema
934 268 1138 317 immani
1171 286 1373 332 corpore
1407 273 1578 334 pistrlx

258 334 590 395 ‘Delphinum
627 337 809 383 caudas
845 345 984 384 utero
1019 336 1281 385 commissa
1315 339 1556 400 luporum.

257 405 268 426 ‘
285 403 504 449 Praestat
538 401 778 449 Trinacrii
811 411 964 450 metas
999 404 1202 452 lustrare
1238 405 1457 467 Pachyni

256 469 574 516 ‘Cessantem
610 469 785 530 longos
821 478 870 516 et
905 469 1282 518 circumflectere
1317 488 1498 532 cursus,
1812 493 1842 535 4
1879 492 1910 524 0

256 534 447 594 ‘Quam
484 535 636 583 semel
669 534 927 584 informem
963 545 1102 595 vasto
1136 536 1316 586 vidisse
1351 542 1443 587 sub
1479 549 1620 590 antro
1896 588 1925 594 ..

255 602 493 663 ‘Scyllam
529 610 578 649 et
612 601 845 650 caeruleis
881 602 1086 652 canibus
1121 604 1402 653 resonantia
1435 622 1561 656 saxa.
1648 531 1713 761 βῖ
1754 491 2040 681 ude-A(-

256 669 540 716 ‘Praeterea
574 667 615 716 si
651 684 749 730 qua
783 677 857 717 est
894 671 1095 718 Heleno
1129 670 1388 733 prudentia
1423 672 1533 732 vati,
1704 666 1729 696 ³²
1762 729 1772 733 ,

254 734 331 783 ‘Si
366 751 465 797 qua
499 735 635 796 fides,
673 735 894 783 animum
929 735 970 783 si
1004 734 1140 785 νεῇἶ
1162 735 1334 800 implet
1368 741 1563 801 Apollo,
1651 762 1661 793 a
1693 736 1702 741 ‹
2032 743 2040 746 ⁴

253 802 452 850 ‘Unum
487 801 607 850 illud
643 801 745 861 tibi,
783 811 899 851 nate
934 804 1039 861 dea,
1076 820 1264 866 proque
1301 807 1529 854 omnibus
1564 824 1716 855 unum
1809 824 1902 872 435

253 869 569 917 ‘Praedicam
605 877 654 916 et
687 879 915 931 repetens
950 869 1223 932 iterumque
1258 870 1531 934 iterumque
1565 876 1814 923 monebo:

253 935 487 983 ‘Iunonis
522 951 730 998 magnae
765 937 975 998 primum
1010 953 1155 999 prece
1190 954 1374 986 numen
1410 940 1574 999 adora,

252 1001 463 1050 ‘Iunoni
497 1018 620 1050 cane
654 1011 770 1051 vota
804 1003 961 1051 libens
997 1005 1348 1065 dominamque
1383 1015 1638 1067 potentem

252 1068 597 1131 ‘Supplicibus
633 1085 810 1131 supera
846 1069 1019 1132 donis3
1066 1071 1135 1119 sic
1170 1072 1383 1134 denique
1420 1072 1573 1121 victor

251 1135 528 1183 ‘Trinacria
563 1137 684 1184 fines
722 1138 873 1184 Italos
908 1137 1100 1186 mittere
1133 1139 1311 1187 relicta.
1807 1158 1904 1200 440

252 1204 399 1250 ‘Huc
433 1202 517 1251 ubi
553 1203 743 1251 delatus
780 1205 1045 1266 Cymaeam
1081 1206 1339 1254 accesseris
1375 1208 1547 1256 urbem

252 1269 587 1331 ‘Divinosque
621 1272 754 1319 lacus
790 1280 838 1319 et
873 1273 1067 1319 Averna
1100 1274 1324 1320 sonantia
1358 1273 1502 1333 silviS‚

251 1338 511 1384 ‘Insanam
546 1346 708 1402 vatem
745 1337 1003 1400 adspicies,
1041 1355 1166 1401 quae
1200 1356 1319 1402 rupe
1354 1343 1445 1389 sub
1481 1341 1581 1389 ima

251 1405 401 1451 ‘Fata
434 1403 565 1451 canit
592 1394 826 1466 foliisque
861 1414 1003 1453 notas
1039 1415 1087 1454 et
1122 1406 1325 1454 nomina
1358 1409 1572 1456 mandat.

250 1471 631 1533 ‘Quaecumque
666 1472 717 1518 in
752 1471 878 1520 foliis
915 1472 1170 1535 descripsit
1205 1473 1421 1521 carmina
1455 1474 1604 1537 virgo,
1806 1489 1899 1538 445

249 1537 468 1599 ‘Digerit
501 1538 553 1585 in
588 1554 843 1586 numerum
879 1548 1028 1600 atque
1063 1549 1202 1588 antro
1239 1542 1427 1588 seclusa
1461 1540 1702 1602 relinquit.

249 1605 369 1651 ‘Illa
403 1613 604 1653 manent
639 1604 844 1654 immota
877 1606 998 1654 locis
1033 1623 1194 1668 neque
1230 1608 1293 1655 ab
1329 1607 1501 1656 ordine
1537 1609 1731 1657 cedunt.

249 1673 459 1719 ‘Verum
496 1672 685 1731 eadem,
722 1688 861 1720 verso
897 1673 1055 1720 tenuis
1091 1690 1202 1721 cum
1238 1674 1436 1722 cardine
1471 1684 1645 1724 ventus

249 1737 480 1800 ‘Impulit
516 1747 563 1786 et
599 1747 792 1786 teneras
828 1740 1040 1788 turbavit
1074 1740 1221 1788 ianua
1254 1742 1470 1801 frondes,

246 1806 560 1867 ‘Numquam
595 1805 777 1855 deinde
811 1822 934 1855 cavo
968 1807 1223 1855 volitantia
1258 1809 1497 1869 prendere
1533 1825 1649 1858 saxo
1803 1825 1900 1872 450

248 1873 384 1919 ‘Nec
422 1887 646 1920 revocare
681 1871 799 1921 situs
833 1882 917 1921 aut
952 1873 1149 1936 iungere
1185 1874 1401 1923 carmina
1435 1885 1594 1924 curat:

247 1937 549 1987 ‘Inconsulti
583 1940 767 1987 abeunt
803 1941 1070 2002 sedemque
1106 1942 1255 1989 odere
1291 1941 1514 2004 Sibyllae.

1733 731 1759 735 ⁷*
1772 726 2030 745 mun-N.

125 1987 151 2036 ’ἶ
223 2005 378 2054 Ἠίο
411 2004 500 2053 tibi
536 2021 598 2053 ne
634 2022 733 2067 qua
767 2023 934 2055 morae
968 2007 1144 2056 fuerint
1178 2007 1438 2070 dispendia
1471 2008 1607 2067 tanti,

245 2072 512 2133 ‘Quamvis
547 2072 839 2135 increpitent
874 2073 993 2122 socii
1031 2083 1078 2122 et
1113 2074 1159 2122 vi
1195 2091 1362 2123 cursus
1397 2074 1448 2122 in
1483 2077 1636 2124 altum

247 2140 398 2187 ‘Vela
431 2148 575 2187 vocet
608 2139 863 2202 possisque
899 2141 1032 2189 sinus
1066 2140 1270 2203 implere
1305 2143 1561 2199 secundos,
1801 2158 1894 2206 455

246 2205 407 2266 ‘Quin
441 2207 590 2254 adeas
624 2215 786 2254 vatem
822 2207 1148 2269 precibusque
1182 2209 1377 2256 oracula
1411 2224 1587 2270 poscas
1616 2236 1624 2239 -

245 2276 257 2299 ‘
273 2274 389 2334 Ipsa
423 2281 566 2320 canat
599 2289 874 2335 vocemque
908 2275 1078 2322 volens
1112 2283 1262 2337 atque
1297 2291 1382 2323 ora
1415 2277 1639 2324 resolvat.

243 2340 367 2388 ‘Illa
401 2339 488 2388 tibi
526 2339 696 2388 Italiae
731 2342 943 2402 populos
978 2350 1280 2403 venturaque
1315 2343 1458 2402 bella,

243 2410 255 2432 ‘
277 2407 340 2453 Et
374 2421 475 2467 quo
510 2422 757 2468 quemque
791 2409 943 2456 modo
978 2407 1232 2470 fugiasque
1267 2409 1491 2470 ferasque
1525 2409 1759 2470 laborem,

242 2472 531 2534 ‘Expediet‚
567 2489 832 2535 cursusque
869 2474 1006 2522 dabit
1039 2483 1268 2522 venerata
1302 2476 1558 2523 secundos.
1798 2477 1896 2534 460

242 2541 414 2587 ‘Haec
450 2548 575 2598 sunt,
612 2539 739 2602 quae
775 2549 941 2588 nostra
975 2540 1118 2589 liceat
1153 2550 1201 2588 te
1237 2557 1360 2589 voce
1394 2540 1597 2589 moneri.

243 2607 411 2653 ‘Vade
446 2622 536 2668 age
570 2615 620 2654 et
654 2605 902 2669 ingentem
937 2607 1075 2655 factis
1109 2609 1180 2655 fer
1214 2608 1279 2655 ad
1313 2608 1511 2655 aethera
1546 2607 1813 2658 Troiam-’-

307 2673 450 2732 Quae
486 2682 747 2734 postquam
783 2683 917 2721 vates
953 2673 1023 2722 sic
1058 2690 1141 2722 ore
1178 2675 1350 2722 effatus
1383 2674 1545 2722 amico
1581 2682 1669 2732 est,

243 2740 391 2788 Dona
426 2738 606 2787 dehinc
641 2755 759 2787 auro
794 2739 961 2802 gravi‘a‘
993 2748 1227 2802 sectoque
1263 2741 1528 2802 elephanto

243 2806 461 2866 Imperat
496 2806 560 2852 ad
595 2821 745 2854 naves
778 2796 1186 2868 ferris's‘tipatque
1220 2805 1395 2854 carinis
1797 2807 1889 2870 465

241 2872 419 2934 Ingens
453 2880 706 2934 argentum
741 2873 1144 2936 Dodonaeosque
1179 2874 1379 2930 lebetas,
