2040 3198
629 152 1028 202 AENEIDOS
1059 152 1201 201 LIB.
1239 149 1346 201 III.

226 264 344 313 Nox
376 271 493 321 erat,
531 271 581 311 et
616 261 753 310 terris
787 260 1020 309 animalia
1053 276 1256 309 somnus
1290 259 1531 308 habebat:

159 330 356 394 Effigies
391 345 558 379 sacrae
593 328 759 377 divom
797 321 1090 397 Phrygiique
1127 320 1352 385 PenateS,

159 397 300 458 Quos
335 404 531 445 mecum
565 396 630 443 ab
664 394 817 444 Troia
802 385 1125 456 mmediisque
1161 411 1222 443 ex
1255 393 1452 457 ignibus
1487 390 1620 440 uibis

156 465 457 538 Extuleram,
493 461 583 511 visi
617 471 734 511 ante
768 463 939 510 oculos
974 473 1133 509 astare
1169 460 1374 509 iacentis

155 532 222 585 In
254 529 458 589 somnis,
494 530 652 578 multo
687 527 933 576 manifesti
967 529 1166 585 lumine,
1205 544 1305 590 qua
1340 542 1393 576 se

155 587 311 646 Plena
343 613 431 672 per
464 595 669 644 insertas
703 596 944 643 fundebat
978 596 1096 643 luna
1130 596 1380 652 fenestras,

154 666 285 714 Tum
320 663 390 712 sic
425 662 580 712 adfari
613 673 663 712 et
699 678 838 710 curas
873 662 948 710 his
983 663 1183 710 demere
1218 661 1392 710 dictis:

157 731 332 792 Quod
366 730 456 779 tibi
491 730 658 779 delato
695 727 949 792 Ortygiam
986 729 1207 777 dicturus
1241 729 1426 791 Apollo
1461 737 1550 785 est,

156 798 281 847 ‘Hic
315 798 462 857 canit,
501 806 550 846 et
586 806 670 845 tua
704 813 796 845 nos
832 813 895 845 en
932 797 1060 844 ultro
1095 797 1161 844 ad
1195 794 1365 843 limina
1400 794 1561 842 mittit.

155 867 284 914 ‘Nos
318 874 367 914 te
404 863 657 913 Dardania
690 863 893 912 incensa
927 873 1111 926 tuaque
1145 878 1280 911 arma
1314 861 1482 920 secuti,

153 934 284 982 ‘Nos
319 932 567 981 tumidum
601 931 694 980 sub
729 939 779 980 te
813 930 1058 993 permensi
1094 929 1332 978 classibus
1366 944 1567 991 aequor,

155 1001 321 1049 ‘Idem
356 1010 589 1048 venturos
624 999 856 1047 tollemus
891 997 942 1045 in
977 1008 1106 1045 astra
1140 1006 1350 1070 nepotes

152 1066 548 1131 ‘Imperiumque
582 1065 692 1115 urbi
726 1065 968 1114 dabimus.
1042 1066 1122 1112 Tu
1158 1064 1359 1113 moenia
1394 1061 1586 1126 magnis

153 1135 364 1198 ‘Magna
398 1150 530 1196 para,
568 1135 874 1196 longumque
908 1133 1052 1194 fugae
1085 1147 1150 1180 ne
1185 1131 1354 1194 linque
1388 1132 1624 1179 laborem.

154 1202 454 1251 ‘Mutandae
489 1202 647 1250 sedes,
720 1201 839 1248 Non
874 1200 998 1248 haec
1033 1198 1123 1247 tibi
1157 1198 1301 1247 litora
1333 1197 1485 1247 suasit

152 1268 349 1318 ‘Delius
383 1277 468 1318 aut
504 1269 682 1318 Cretae
716 1266 856 1315 iussit
891 1265 1148 1315 considere
1183 1267 1379 1341 Apollo.

152 1338 264 1387 ‘Est
298 1337 436 1386 locus
473 1333 792 1399 (Hesperiam
830 1333 946 1383 Grai
982 1332 1278 1395 cognomine
1315 1331 1507 1395 dicunt)

152 1405 325 1452 ‘Terra
357 1403 576 1466 antiqua,
613 1410 794 1466 potens
828 1401 974 1449 armis
1009 1411 1160 1463 atque
1195 1401 1346 1449 ubere
1380 1401 1600 1463 glaebae,

150 1470 381 1521 ‘Oenotri
415 1471 613 1518 coluere
646 1468 734 1518 viri
751 1486 766 1529 ς
802 1484 936 1516 nunc
971 1469 1101 1516 fama
1135 1466 1350 1516 minores

152 1539 369 1588 ‘Italiam
405 1536 584 1586 dixisse
619 1535 760 1585 ducis
794 1537 859 1584 de
893 1535 1096 1584 nomine
1130 1544 1358 1598 gentem:

151 1607 287 1655 ‘Hae
321 1604 468 1654 nobis
501 1603 728 1667 propriae
763 1602 920 1661 sedes,
958 1601 1074 1658 hinc
1112 1604 1374 1650 Dardanus
1411 1610 1558 1661 ortuS,

151 1673 433 1743 ‘Iasiusque
466 1681 621 1735 pater,
658 1686 813 1734 genus
849 1686 880 1717 a
914 1685 1014 1732 quo
1049 1669 1271 1732 principe
1306 1679 1544 1718 nostrum.

151 1742 322 1803 ‘Surge
355 1755 448 1803 age
483 1749 532 1795 et
566 1740 690 1786 haec
725 1739 883 1785 laetus
918 1738 1163 1800 longaevo
1199 1736 1334 1785 dicta
1366 1734 1561 1799 parenti

101 1856 104 1858 ,
148 1808 328 1856 ‘Haud
362 1806 637 1856 dubitanda
670 1807 806 1863 refer,
838 1806 1117 1879 ertnum
1152 1813 1403 1866 terrasque
1436 1802 1650 1866 requirat

146 1873 440 1924 ‘Ausoniasz
478 1873 689 1922 Dictaea
722 1882 870 1948 negat
906 1871 996 1920 tibi
1033 1871 1259 1934 Iuppiter
1292 1871 1437 1920 arva.’

145 1941 351 1990 Talibus
385 1940 624 1990 attonitus
658 1939 773 1988 visis
809 1948 858 1988 et
891 1955 1016 1987 voce
1051 1939 1272 1997 deorum,

145 2010 276 2074 (Nec
310 2025 460 2072 sopor
494 2008 617 2056 illud
651 2016 765 2065 erat,
804 2006 891 2055 sed
927 2022 1094 2054 coram
1130 2007 1433 2068 adgnoscere
1469 2006 1632 2054 voltus

144 2078 446 2139 Velatasque
480 2091 650 2124 comas
685 2074 1061 2137 praesentiaque
1096 2089 1180 2121 ora
1215 2073 1434 2134 videbar,

144 2146 276 2194 Tum
310 2143 501 2206 gelidus
536 2151 642 2191 toto
678 2143 911 2189 manabat
947 2156 1153 2203 corpore
1188 2140 1360 2215 sudor)

145 2210 373 2274 Corripio
409 2226 438 2259 e
473 2209 632 2258 stratis
668 2224 846 2271 corpus
883 2209 1136 2270 tendoque
1172 2207 1374 2270 supinas

105 2293 109 2299 ·
144 2280 228 2328 Ad
262 2279 455 2326 caelum
492 2293 605 2325 cum
642 2292 765 2326 voce
801 2291 975 2323 manus
1012 2285 1061 2323 et
1096 2291 1303 2323 munera
1338 2274 1440 2323 libo

143 2347 446 2395 Intemerata
480 2343 615 2393 focis.
688 2344 912 2391 Perfecto
947 2343 1103 2390 laetus
1137 2343 1326 2391 honore

142 2412 395 2462 Anchisen
430 2410 558 2459 facio
594 2420 780 2459 certum
817 2425 1020 2473 remque
1057 2409 1230 2458 ordine
1266 2410 1448 2472 pando.

142 2477 398 2544 Adgnovit
431 2479 620 2541 prolem
655 2477 939 2539 ambiguam
974 2476 1297 2540 geminosque
1332 2486 1561 2539 parentes

143 2548 306 2610 Seque
340 2562 473 2596 novo
507 2555 729 2607 veterum
764 2546 1030 2606 deceptum
1065 2560 1225 2593 errore
1262 2545 1499 2592 locorum.

142 2616 276 2663 Tum
311 2609 582 2662 memorat:
631 2613 806 2669 ‘Nate,
847 2611 1009 2659 Iliacis
1046 2611 1257 2661 exercite
1294 2611 1421 2670 fatis,

145 2682 288 2730 ‘Sola
321 2679 442 2728 mihi
476 2681 598 2729 tales
633 2695 774 2727 casus
813 2679 1091 2727 Cassandra
1126 2680 1347 2726 canebat.

146 2750 326 2806 ‘Nu-nc
358 2756 531 2809 repeto
567 2748 690 2796 haec
723 2745 890 2809 generi
926 2747 1223 2808 portendere
1260 2744 1429 2794 debita
1464 2754 1646 2805 nostro,

145 2817 238 2863 ‘Et
274 2830 421 2877 saepe
460 2813 769 2875 Hesperiam,
809 2829 957 2875 saepe
995 2814 1119 2860 Itala
1154 2829 1304 2875 regna
1338 2829 1530 2862 vocare.

148 2883 279 2932 ‘Sed
314 2881 422 2945 quis
459 2883 524 2930 ad
562 2880 839 2944 Hesperiae
875 2889 1107 2928 venturos
1143 2879 1285 2928 litora
1319 2881 1538 2928 Teucros

1759 163 1818 214 25

1726 472 1818 520 150

1724 807 1814 856 155

1725 1130 1819 1176 160

1727 1468 1814 1529 165

1726 1795 1836 1864 17o¹
1915 1791 1923 1798 l

1721 2155 1811 2203 Ι75

1722 2478 1814 2525 180

1721 2815 1810 2876 185
