2040 3198
224 156 283 201 26
654 154 710 201 P.
755 154 1069 202 VERGILI
1093 155 1204 201 MA
1209 154 1444 204 RONIS

226 260 519 308 ‘CrederetP
565 269 649 306 aut
684 275 833 320 quem
869 270 973 306 tum
1007 269 1142 307 vates
1179 261 1455 308 Cassandra
1489 261 1736 309 moveret?

226 326 503 374 ‘Cedamus
542 325 745 372 Phoebo
782 333 830 372 et
864 324 1038 372 moniti
1072 324 1274 373 meliora
1309 328 1597 388 sequamur.'

222 391 301 439 Sic
336 391 415 449 ait,
455 400 502 439 et
537 391 701 438 cuncti
737 390 870 439 dicto
906 407 1134 453 paremus
1171 400 1385 440 ovantes.

226 460 374 505 Hanc
409 474 606 519 quoque
642 456 908 505 deserimus
944 459 1128 517 sedem,
1162 458 1431 519 paucisque
1465 458 1642 507 relictis
1782 475 1874 522 190

222 526 347 572 Vela
383 525 555 571 damus
591 534 883 585 vastumque
918 540 1038 572 cava
1073 525 1208 572 trabe
1243 525 1476 573 currimus
1511 541 1704 587 aequor.

226 594 493 652 Postquam
529 593 681 638 altum
718 600 917 638 tenuere
952 599 1078 638 rates
1115 607 1205 639 nec
1240 590 1338 638 iam
1373 590 1584 653 amplius
1617 592 1745 639 ullae

224 660 480 720 Apparent
516 666 683 715 terrae,
719 658 910 704 caelum
946 657 1164 719 undique
1200 668 1249 706 et
1283 657 1502 720 undique
1536 666 1733 720 pontuS,

225 727 354 772 Tum
394 723 511 771 mihi
546 725 795 771 caeruleus
832 739 977 785 supra
1011 733 1159 785 caput
1194 723 1343 772 astitit
1376 724 1531 772 imber

229 794 441 839 Noctem
477 789 789 851 hiememque
823 791 996 847 ferens,
1022 799 1071 838 et
1095 790 1330 838 inhorruit
1363 792 1499 840 unda
1534 790 1756 838 tenebris.
1791 803 1876 852 195

228 856 479 907 Continuo
514 857 646 904 venti
683 858 885 904 volvunt
921 872 1054 904 mare
1090 872 1363 919 magnaque
1399 866 1599 920 surgunt

228 927 457 985 Aequora
467 940 480 982 3
526 922 731 985 dispersi
766 922 1002 971 iactamur
1034 923 1219 985 gurgite
1254 934 1392 972 vasto
1401 944 1415 984 3

231 992 485 1038 Involvere
520 989 653 1037 diem
688 988 858 1048 nimbi,
896 998 944 1037 et
979 1006 1076 1037 nox
1111 991 1280 1038 umida
1314 992 1504 1038 caelum

231 1056 459 1116 Abstulit,
496 1055 799 1119 ingeminant
834 1056 1053 1117 abruptis
1089 1055 1302 1104 nubibus
1338 1057 1489 1119 ignes.

231 1123 520 1172 Excutimur
554 1139 696 1170 cursu
731 1131 780 1171 et
815 1123 972 1170 caecis
1007 1138 1221 1170 erramus
1256 1122 1306 1170 in
1342 1124 1497 1172 undis.
1735 1139 1882 1184 Ao

232 1193 346 1253 Ipse
381 1189 513 1238 diem
549 1198 845 1250 noctemque
879 1199 1025 1250 negat
1061 1189 1333 1238 discernere
1368 1191 1506 1238 caelo

232 1260 342 1306 Nec
376 1257 658 1304 meminisse
691 1257 800 1303 viae
834 1256 997 1303 media
1034 1255 1284 1304 Palinurus
1320 1256 1370 1304 in
1404 1257 1549 1305 unda.

231 1327 353 1372 Tres
388 1324 514 1371 adeo
549 1323 760 1371 incertos
796 1338 943 1370 caeca
979 1322 1184 1385 caligine
1219 1324 1345 1371 soles

234 1393 462 1438 Erramus
498 1390 686 1451 pelago,
724 1389 930 1437 totidem
967 1389 1071 1437 sine
1107 1389 1264 1437 sidere
1299 1399 1484 1437 noctes.

235 1459 424 1517 Quarto
458 1465 584 1504 terra
619 1455 698 1504 die
733 1455 944 1517 primum
980 1472 1031 1503 se
1066 1457 1286 1504 attollere
1321 1457 1521 1504 tandem
1792 1467 1882 1516 205

234 1526 365 1583 Visa,
403 1523 588 1585 aperire
622 1523 793 1584 procul
828 1532 1022 1570 montes
1057 1538 1115 1570 ac
1149 1524 1343 1571 volvere
1377 1524 1575 1570 fumum.

234 1593 359 1639 Vela
393 1590 590 1647 cadunt,
629 1589 774 1636 remis
809 1588 1115 1651 insurgimus,
1154 1590 1287 1637 haud
1322 1605 1472 1646 mora,
1509 1597 1688 1636 nautae

237 1656 418 1706 Adnixi
452 1666 683 1718 torquent
719 1671 915 1718 spumas
953 1666 1000 1703 et
1035 1657 1228 1703 caerula
1260 1665 1468 1704 verrunt.

175 1768 182 1776 .
237 1727 489 1773 Servatum
525 1740 585 1771 ex
619 1722 764 1770 undis
801 1723 1130 1784 Strophadum
1168 1738 1247 1770 me
1281 1722 1422 1770 litora
1455 1721 1665 1784 primum

237 1790 509 1852 Excipiunt.
567 1790 866 1862 Strophades
903 1788 1052 1837 Graio
1088 1797 1217 1836 stant
1251 1788 1452 1836 nomine
1488 1789 1649 1836 dictae
1787 1802 1882 1833 210

239 1859 437 1905 Insulae
475 1856 617 1904 Ionio
651 1856 701 1902 in
739 1871 931 1917 magno,
970 1871 1090 1916 quas
1127 1855 1231 1902 dira
1267 1857 1484 1904 Celaeno

241 1917 589 1989 Harpyiaeque
625 1923 795 1970 colunt
829 1921 964 1980 aliae,
1005 1922 1209 1969 Phineia
1244 1931 1501 1984 postquam

240 1992 419 2040 Clausa
454 1990 630 2038 domus
665 2004 956 2050 mensasque
990 1997 1124 2036 metu
1157 1988 1341 2050 liquere
1374 1988 1569 2050 priores.

239 2057 446 2105 Tristius
480 2057 610 2103 haud
647 2054 738 2102 illis
774 2063 1060 2113 monstrum,
1099 2071 1190 2103 nec
1225 2054 1413 2103 saevior
1446 2056 1543 2101 ulla

242 2124 397 2172 Pestis
433 2131 482 2171 et
516 2122 585 2170 ira
620 2124 770 2169 deum
806 2121 979 2183 Stygiis
1016 2137 1122 2169 sese
1157 2122 1325 2169 extulit
1358 2121 1516 2169 undis.
1796 2132 1887 2180 215

239 2189 458 2252 Virginei
492 2191 743 2237 volucrum
777 2189 950 2246 voltus,
987 2188 1267 2236 foedissima
1302 2187 1480 2236 ventris

242 2255 504 2314 Proluvies,
540 2270 795 2316 uncaeque
831 2270 1003 2302 manus
1039 2264 1088 2302 et
1121 2254 1304 2316 pallida
1326 2269 1518 2315 semper

244 2325 344 2372 Ora
376 2324 517 2371 fame.

313 2392 429 2437 Huc
462 2387 549 2436 ubi
584 2387 732 2436 delati
767 2396 936 2449 portus
971 2386 1268 2445 intravimus,
1306 2402 1422 2435 ecce

245 2460 397 2505 Laeta
430 2457 582 2503 boum
618 2454 798 2516 passim
834 2453 1022 2515 campis
1057 2462 1276 2501 armenta
1311 2453 1532 2501 videmus
1799 2467 1893 2498 220

246 2523 674 2585 Caprigenumque
709 2536 859 2582 pecus
895 2521 1031 2574 nullo
1067 2520 1272 2567 custode
1307 2535 1393 2581 per
1427 2519 1615 2566 herbas.

246 2589 491 2637 Inruimus
524 2589 663 2644 ferro,
702 2596 749 2635 et
784 2586 923 2634 divos
956 2587 1215 2648 ipsumque
1248 2601 1480 2633 vocamus

247 2659 308 2703 In
341 2666 530 2718 partem
566 2654 899 2716 praedamque
935 2653 1136 2700 Iovem:
1183 2660 1285 2700 tum
1321 2652 1459 2699 litore
1494 2666 1642 2698 curvo

247 2722 647 2781 Exstruimusque
683 2729 815 2767 toros
851 2718 1158 2780 dapibusque
1193 2719 1449 2779 epulamur
1482 2716 1672 2778 opimis.

247 2792 313 2836 At
348 2787 539 2835 subitae
577 2786 801 2833 horrifico
837 2787 975 2858 lapsu
1012 2785 1074 2832 de
1111 2784 1360 2832 montibus
1395 2784 1575 2832 adsunt
1802 2798 1858 2829 22
1867 2795 1893 2844 5

254 2854 498 2917 Harpyiae
533 2862 581 2900 et
616 2850 804 2914 magnis
839 2850 1063 2913 quatiunt
1097 2850 1405 2912 clangoribus
1441 2851 1555 2906 alas,
