2040 3198
264 164 327 224 38
695 164 750 209 P.
795 163 1111 211 VERGILI
1135 165 1485 213 MARONIS

265 270 369 317 Nos
404 270 575 330 procul
609 268 725 316 inde
758 270 923 331 fugam
959 269 1134 331 trepidi
1170 272 1379 320 celerare
1414 281 1611 335 recepto

262 335 489 397 Supplice
525 334 594 382 sic
628 334 816 395 merito,
843 335 1075 396 tacitique
1111 326 1544 398 inciderF'Ti'inem,

262 401 508 449 Verrimus
544 411 592 449 et
626 401 769 463 proni
805 402 1101 452 certantibus
1137 419 1351 466 aequora
1385 405 1544 454 remis.

260 466 432 526 Sensit,
469 476 519 515 et
552 469 616 515 ad
651 467 866 516 sonitum
901 469 1035 516 vocis
1069 470 1271 532 vestigia
1305 472 1456 520 torsit.

259 536 443 582 Verum
477 534 563 583 ubi
597 536 729 582 nulla
762 535 906 583 datur
940 537 1111 584 dextra
1145 538 1389 586 adfectare
1425 548 1656 600 potestas,
1817 543 1913 602 670

260 602 368 649 Nec
400 600 530 663 potis
567 601 736 649 Ionios
771 602 944 650 fluctus
979 618 1189 665 aequare
1224 606 1495 666 sequendo,

261 668 540 716 Clamorem
575 667 870 716 immensum
905 668 1043 727 tollit,
1072 685 1171 731 quo
1207 680 1473 732 pontuset
1507 688 1679 721 omnes

260 735 608 782 Contremuere
644 736 823 793 undae,
849 735 1144 797 penitusque
1180 737 1404 786 exterrita
1438 739 1579 787 tellus

261 799 446 860 Italiae,
473 800 729 863 curvisque
763 802 1004 864 immugiit
1039 806 1200 852 Aetna
1235 804 1464 852 cavernis.

259 869 323 914 At
356 883 509 928 genus
545 883 572 915 e
607 868 738 916 silvis
774 869 1049 931 Cyclopum
1084 879 1134 918 et
1167 871 1416 919 montibus
1451 871 1560 927 altis
1814 876 1908 936 675

259 933 484 981 Excitum
519 933 614 982 ruit
649 935 712 982 ad
747 944 918 997 portus
955 946 1002 984 et
1037 935 1178 984 litora
1212 939 1474 1000 complent.

259 1000 515 1048 Cernimus
549 1002 798 1050 adstantes
834 1002 1133 1064 nequiquam
1168 1003 1354 1053 lumine
1387 1013 1526 1054 torvo

256 1069 503 1115 Aetnaeos
538 1068 718 1126 fratres,
744 1070 882 1116 caelo
917 1070 1079 1131 capita
1112 1072 1210 1118 alta
1242 1072 1466 1129 ferenteS,

258 1132 537 1182 Concilium
574 1135 905 1184 horrendum:
956 1138 1125 1198 quales
1161 1153 1272 1184 cum
1307 1138 1487 1187 vertice
1522 1140 1655 1188 celso

255 1199 429 1249 Aeriae
463 1217 670 1263 quercus
704 1213 787 1250 aut
822 1202 1066 1251 coniferae
1100 1220 1159 1266 cy
1196 1203 1332 1252 arissi
1814 1209 1909 1254 680

257 1266 608 1326 Constiterunt,
635 1267 754 1316 silva
789 1270 887 1316 alta
924 1271 1055 1317 Iows
1109 1267 1529 1319 ucusx‘re'''Dianae.

257 1333 551 1396 Praecipites
585 1344 742 1383 metus
778 1351 890 1382 acer
924 1336 1024 1398 agit
1059 1352 1375 1399 quocumque
1408 1339 1640 1388 rudentes

257 1402 497 1449 Excutere
533 1409 580 1450 et
614 1401 771 1449 ventis
806 1401 1064 1451 intendere
1098 1405 1206 1451 vela
1240 1404 1480 1454 secundis.

255 1467 441 1516 Contra
476 1467 605 1516 iussa
639 1478 843 1517 monent
880 1471 1062 1517 Heleni
1099 1471 1309 1532 Scyllam
1344 1480 1491 1534 atque
1524 1472 1807 1535 Charybdin

256 1534 402 1593 Inter,
441 1543 695 1597 utramque
731 1535 859 1583 viam
894 1536 980 1584 leti
1016 1535 1294 1585 discrimine
1328 1553 1492 1599 parvo,
1810 1543 1901 1602 685

255 1600 321 1647 Ni
355 1609 556 1649 teneant
589 1617 785 1650 cursus:
832 1611 1018 1650 certum
1053 1612 1125 1652 est
1162 1605 1277 1652 dare
1311 1604 1461 1653 lintea
1494 1615 1635 1655 retro.

255 1668 383 1715 Ecce
418 1677 582 1716 autern
619 1670 798 1716 Boreas
833 1678 1039 1731 angusta
1073 1671 1136 1717 ab
1171 1672 1288 1718 sede
1326 1672 1484 1720 Pelori

254 1733 436 1782 Missus
471 1736 643 1784 adest:
688 1734 799 1783 vivo
834 1738 1174 1797 praetervehor
1209 1737 1334 1785 ostia
1368 1754 1486 1786 saxo

253 1800 515 1862 Pantagiae
553 1803 881 1864 Megarosque
916 1803 1049 1851 sinus
1084 1804 1439 1866 Thapsumque
1474 1805 1729 1855 iacentem.
1799 1820 1802 1822 ·

251 1866 392 1914 Talia
425 1871 729 1917 monstrabat
762 1871 980 1931 relegens
1015 1879 1169 1918 errata
1202 1880 1437 1920 retrorsus
1809 1877 1904 1936 690

253 1932 418 1981 Litora
450 1935 858 1993 Achaemenides,
885 1951 1051 1984 comes
1087 1936 1290 1986 infelicis
1329 1937 1473 1986 Ulixi.
1509 1946 1517 1953 “

316 1999 510 2049 Sicanio
545 2010 798 2063 praetenta
834 2001 941 2050 sinu
976 2002 1102 2051 iacet
1137 2003 1295 2052 insula
1330 2014 1500 2052 contra

250 2066 548 2115 Plemurium
583 2070 830 2116 undosum
848 2088 860 2129 ;
908 2085 1090 2117 nornen
1128 2070 1292 2118 dixere
1326 2072 1510 2133 priores

251 2133 513 2195 Ortygiam.
586 2136 834 2196 Alpheum
870 2137 998 2183 fama
1033 2147 1105 2185 est
1141 2138 1239 2184 huc
1275 2137 1430 2186 Elidis
1465 2155 1662 2188 amnem

251 2200 484 2248 Occultas
519 2199 674 2262 egisse
709 2202 810 2249 vias
847 2203 1011 2250 subter
1046 2219 1191 2261 mare,
1220 2204 1303 2265 qui
1338 2220 1471 2252 nunc
1806 2209 1897 2269 695

250 2267 362 2324 Ore,
389 2268 643 2327 Arethusa,
671 2277 757 2316 tuo
792 2269 963 2317 Siculis
998 2270 1309 2318 confunditur
1344 2270 1499 2319 undis.

249 2332 374 2380 Iussi
408 2333 610 2381 numina
644 2335 953 2397 magnaeloci
985 2352 1284 2384 veneramur.
1357 2339 1420 2385 Et
1455 2337 1571 2387 inde

248 2400 499 2461 Exsupero
533 2400 831 2464 praepingue
866 2403 1023 2450 solum
1060 2402 1327 2465 stagnantis
1365 2405 1568 2453 Helori:

249 2465 386 2512 Hinc
421 2468 541 2514 altas
576 2477 744 2516 cautes
778 2468 1093 2530 proiectaque
1129 2485 1245 2517 saxa
1279 2471 1497 2531 Pachyni

248 2531 503 2591 Radimus,
529 2544 578 2581 et
612 2534 719 2582 fatis
755 2551 1024 2596 numquam
1059 2551 1294 2584 concessa
1328 2537 1512 2585 moveri
1805 2553 1898 2599 700

245 2599 464 2659 Adparet
502 2600 762 2648 Camarina
796 2603 982 2662 procul,
1009 2602 1270 2664 campique
1306 2602 1463 2661 Geloi,

247 2664 582 2726 Immanisque
619 2667 743 2714 Gela
778 2667 910 2715 fluvii
945 2668 1239 2730 cognomina
1274 2669 1418 2717 dicta.

245 2730 438 2777 Arduus
474 2730 590 2779 inde
626 2734 840 2794 Acragas
875 2744 1088 2782 ostentat
1122 2734 1334 2782 maxima
1368 2737 1512 2799 longe

247 2796 465 2856 Moenia,
492 2799 860 2859 magnanimum
897 2801 1148 2861 quondam
1183 2810 1439 2862 generator
1473 2818 1742 2864 equorum;

245 2866 418 2924 Teque
453 2862 579 2911 datis
615 2864 784 2926 linquo
818 2866 952 2925 velis,
980 2867 1202 2928 palmosa
1237 2867 1442 2927 Selinus,
1805 2884 1893 2932 705
