2040 3198
599 149 1002 199 AENEJDOS
1032 149 1175 197 ΜΒ.
1214 151 1322 197 [Π.
1739 162 1801 210 37

133 258 146 282 ‘
162 254 427 305 Manderet
462 264 512 305 et
545 257 700 320 tepidi
736 266 999 307 tremerent
1035 259 1126 307 sub
1162 256 1394 306 dentibus
1427 262 1570 303 artus,

133 322 317 373 ‘Haud
352 321 556 389 impune
589 323 826 386 quidem:
875 341 969 373 nec
1003 326 1119 373 talia
1153 339 1326 387 passus
1363 322 1536 371 Ulixes

131 391 146 415 ‘
162 387 420 438 Oblitusve
455 389 530 438 sui
565 399 640 439 est
676 392 879 440 Ithacus
913 391 1195 440 discrimine
1229 399 1381 440 tanto.

134 455 293 503 ‘Nam
330 455 476 504 simul
511 460 734 520 expletus
769 459 983 521 dapibus
1018 458 1232 521 vinoque
1267 457 1486 519 sepultus
1705 457 1793 518 630

132 523 145 546 ‘
161 521 417 572 Cervicem
453 523 686 573 inflexam
722 526 886 588 posuit
920 525 1168 588 iacuitque
1203 541 1290 588 per
1325 532 1520 572 antrum

132 590 426 638 ‘Inmensus
460 591 648 640 saniem
685 602 912 641 eructans
947 602 997 641 et
1030 594 1183 641 frusta
1217 599 1421 640 cruento

133 657 257 705 ‘Per
290 673 520 705 somnum
555 659 825 707 commixta
859 671 1007 718 mero,
1046 676 1138 708 nos
1174 674 1352 721 magna
1386 654 1572 719 precati

135 728 147 749 ‘
166 723 387 772 Numina
420 724 676 788 sortitique
710 726 844 775 vices
878 743 979 775 una
1013 726 1235 789 undique
1270 725 1454 774 circum

135 790 448 850 ‘Fundimur,
486 800 537 841 et
571 794 672 841 telo
708 795 874 842 lumen
912 796 1214 842 terebramus
1250 801 1398 841 acuto
1707 791 1800 851 635

134 858 361 920 ‘Ingen3,
399 859 536 921 quod
573 868 711 909 torva
745 862 906 908 solum
943 863 1035 909 sub
1071 862 1232 908 fronte
1266 859 1464 916 latebat,

133 924 378 987 ‘Argolici
412 925 559 989 clipei
594 937 679 976 aut
716 928 981 977 Phoebeae
1016 926 1257 990 lampadis
1293 926 1459 985 instar,

134 995 147 1018 ‘
167 992 232 1040 Et
266 992 471 1042 tandem
505 993 622 1042 laeti
657 994 904 1044 sociorum
940 994 1221 1043 ulciscimur
1254 994 1463 1042 umbras.

135 1058 259 1107 ‘Sed
293 1059 460 1122 fugite,
497 1076 530 1110 o
564 1060 743 1121 miseri,
779 1061 931 1126 fugite
966 1071 1115 1125 atque
1150 1062 1213 1110 ab
1250 1060 1390 1109 litore
1426 1061 1594 1108 funem

134 1125 416 1189 ‘Rumpite.
1706 1126 1803 1183 640

137 1193 151 1216 ‘
167 1193 299 1241 Nam
335 1194 493 1256 qualis
526 1204 841 1259 quantusque
875 1213 999 1245 cavo
1035 1196 1368 1259 Polyphemus
1402 1193 1454 1242 in
1490 1202 1631 1242 antro

133 1266 146 1286 ‘
164 1259 432 1324 Lanigeras
466 1263 652 1312 claudit
686 1264 905 1326 pecudes
940 1274 1088 1326 atque
1123 1265 1276 1311 ubera
1309 1269 1510 1325 pressat,

133 1338 146 1353 ⁵
167 1327 382 1377 Centum
417 1328 501 1377 alii
535 1346 684 1379 curva
717 1331 840 1380 haec
875 1331 1101 1379 habitant
1135 1332 1199 1379 ad
1234 1329 1377 1378 litora
1411 1329 1558 1391 volgo

136 1394 366 1443 ‘Infandi
403 1396 665 1460 Cyclopes,
705 1406 755 1446 et
790 1397 900 1446 altis
935 1397 1188 1447 montibus
1224 1405 1397 1446 errant.

135 1461 331 1510 ‘Tertia
364 1461 462 1511 iam
497 1464 643 1513 lunae
679 1481 732 1514 se
767 1481 953 1514 cornua
986 1464 1172 1513 lumine
1208 1465 1476 1526 complent,
1706 1462 1799 1522 645

107 1529 293 1579 *Cum
326 1529 479 1579 vitam
513 1530 564 1579 in
600 1531 731 1580 silvis
767 1532 894 1580 inter
928 1533 1121 1581 deserta
1155 1533 1364 1581 ferarum

140 1596 342 1647 ‘Lustra
375 1598 652 1661 domosque
687 1601 841 1658 traho,
866 1610 1128 1662 vastosque
1164 1602 1229 1648 ab
1264 1614 1387 1660 rupe
1422 1597 1670 1660 Cyclopas

137 1664 417 1726 ‘Prospicio
451 1665 770 1729 sonitumque
804 1668 990 1730 pedum
1024 1681 1302 1728 vocemque
1338 1674 1592 1714 tremesco.

138 1731 364 1780 ‘Victum
399 1731 659 1793 infelicem,
697 1736 875 1782 baccas
911 1734 1234 1796 lapidosaque
1271 1749 1435 1792 corna,

137 1799 302 1846 ‘Dant
335 1799 471 1859 rami,
510 1810 559 1849 et
593 1801 742 1849 volsis
777 1811 983 1864 pascunt
1018 1801 1263 1849 radicibus
1298 1800 1491 1848 herbae.
1707 1799 1803 1859 650

137 1865 349 1916 ‘Omnia
382 1868 691 1917 conlustrans
726 1870 856 1916 hanc
890 1868 1102 1931 primum
1140 1869 1206 1916 ad
1239 1867 1382 1916 litora
1417 1868 1624 1914 classem

137 1935 151 1959 ‘
170 1933 423 1996 Conspexi
461 1934 753 1984 venientem.
829 1936 965 1983 Huic
1000 1952 1095 1994 me,
1133 1950 1478 1998 quaecumque
1513 1932 1697 1993 fuisset,

138 2003 150 2026 ‘
172 2000 380 2051 Addixi:
428 2002 544 2050 satis
581 2012 655 2051 est
688 2012 888 2066 gentem
924 2002 1153 2065 effugisse
1188 2003 1464 2051 nefandam.

137 2070 269 2118 ‘Vos
303 2068 519 2118 animam
558 2070 687 2118 hanc
721 2070 889 2133 potius
925 2085 1244 2132 quocumque
1278 2068 1522 2118 absumite
1556 2068 1684 2115 leto.'

199 2136 298 2184 Vix
331 2153 391 2186 ea
423 2139 553 2186 fatus
589 2148 705 2197 erat,
743 2153 942 2186 summo
977 2153 1090 2186 cum
1126 2146 1298 2185 monte
1331 2135 1556 2201 videmus
1709 2134 1802 2194 655

134 2204 308 2267 Ipsum
343 2204 470 2254 inter
503 2206 721 2268 pecudes
755 2216 894 2254 vasta
931 2220 983 2253 se
1019 2206 1151 2252 mole
1186 2213 1471 2252 moventem

135 2272 388 2320 Pastorem
426 2273 800 2336 Polyphemum,
838 2282 887 2322 et
920 2272 1067 2321 litora
1101 2282 1222 2319 nota
1254 2279 1522 2333 petentem,

137 2339 418 2387 Monstrum
454 2340 770 2400 horrendum,
796 2340 1017 2399 informe,
1057 2337 1247 2401 ingenS,
1285 2337 1366 2385 cui
1399 2338 1569 2385 lumen
1605 2335 1808 2397 ademp-

268 2413 372 2454 tum

134 2473 333 2521 Trunca
366 2442 516 2522 ffianu
553 2473 698 2536 pinus
732 2474 855 2537 regit
891 2483 939 2523 et
974 2473 1179 2537 vestigia
1214 2473 1374 2520 firmat
1389 2489 1404 2532 ;

135 2538 406 2602 Lanigerae
440 2541 739 2590 comitantur
772 2557 921 2601 oves3
968 2558 1027 2590 ea
1061 2543 1167 2589 sola
1207 2540 1438 2601 voluptas
1712 2539 1807 2583 660

135 2605 466 2670 Solamenque
501 2607 629 2656 mali.

135 2673 406 2736 Postquam
441 2675 566 2724 altos
602 2674 762 2738 tetigit
797 2676 976 2724 fluctus
1010 2684 1061 2724 et
1096 2675 1162 2723 ad
1195 2690 1412 2737 aequora
1446 2672 1596 2732 venit,

138 2739 360 2789 Luminis
395 2741 559 2790 effossi
594 2741 802 2791 fluidum
838 2742 957 2791 lavit
992 2740 1108 2791 inde
1144 2757 1368 2790 cruorem

137 2805 386 2856 Dentibus
419 2808 705 2857 infrendens
740 2810 940 2872 gemitu,
966 2807 1283 2871 graditurque
1319 2824 1406 2870 per
1439 2822 1629 2869 aequor

136 2872 242 2921 Iam
281 2875 513 2934 medium,
539 2876 756 2924 necdum
792 2876 969 2924 fluctus
1005 2877 1156 2925 latera
1189 2876 1343 2923 ardua
1377 2873 1533 2924 tinxit.
1712 2874 1804 2933 665
