2040 3198
611 156 1013 205 AENEJDOS
1040 156 1183 204 ΜΒ.
1222 157 1333 204 [Π.
1744 171 1774 218 3
1780 168 1806 218 5

140 261 324 312 Iunoni
358 261 568 326 Argivae
603 263 759 312 iussos
795 264 1051 312 adolemus
1087 265 1312 312 honores,

140 330 297 378 Haud
332 345 482 390 mora,
521 330 761 379 continuo
786 332 1013 394 perfectis
1050 331 1222 380 ordine
1258 328 1384 378 votis

139 397 341 447 Cornua
373 398 644 445 velatarum
682 398 982 447 obvertimus
1018 409 1361 446 antemnarum

136 462 572 527 Graiugenumque
603 466 783 513 domos
819 475 1147 528 suspectaque
1181 463 1446 527 linquimus
1480 480 1606 512 arva.
1712 479 1808 527 550

139 530 276 579 Hinc
311 530 446 579 sinus
483 532 732 591 Herculei,
771 532 812 580 si
846 548 959 580 vera
994 542 1068 580 est
1104 534 1246 591 fama,
1285 530 1487 579 Tarenti

139 595 398 657 Cernitur3
432 598 611 647 attollit
647 615 699 647 se
736 599 850 648 diva
885 599 1088 647 Lacinia
1122 609 1294 648 contra

137 664 473 727 Caulonisque
507 681 643 714 arces
679 675 729 714 et
763 666 1066 730 navifragum
1102 668 1403 728 Scylaceum.

136 732 269 780 Tum
304 733 477 794 procul
512 748 539 780 e
575 733 727 781 fluctu
761 733 1015 781 Trinacria
1051 733 1265 782 cernitur
1299 737 1477 792 Aetna,

138 799 203 847 Et
236 798 475 861 gemitum
510 798 762 862 ingentem
798 800 958 863 pelagi
993 802 1287 863 pulsataque
1323 816 1440 847 saxa
1711 814 1805 862 555

134 865 381 914 Audimus
415 867 564 929 longe
597 868 874 930 fractasque
909 869 972 916 ad
1009 867 1153 916 litora
1187 883 1350 924 voces,

137 933 471 996 Exultantque
506 935 632 982 vada
666 944 816 997 atque
851 944 991 983 aestu
1027 935 1294 983 miscentur
1329 936 1558 982 harenae.

135 1001 201 1048 Et
234 1010 374 1063 pater
406 1000 652 1050 Anchises
690 1002 965 1050 ‘Nimirum
1002 1003 1126 1051 haec
1161 1002 1242 1050 illa
1280 1001 1556 1064 Charybdis
1574 1016 1589 1060 ς

137 1067 280 1116 ‘Hos
317 1069 544 1117 Helenus
580 1071 827 1132 scopulos,
864 1070 987 1118 haec
1023 1086 1138 1118 saxa
1174 1070 1418 1118 horrenda
1453 1069 1674 1116 canebat.

137 1134 366 1197 ‘Eripite‚
405 1152 436 1184 o
471 1135 606 1197 socii,
645 1136 924 1199 pariterque
959 1137 1192 1199 insurgite
1226 1136 1400 1184 remis!
1709 1137 1807 1198 560

135 1202 292 1252 Haud
326 1201 490 1251 minus
525 1219 585 1251 ac
621 1203 738 1252 iussi
772 1204 972 1263 faciunt,
1009 1205 1292 1267 primusque
1328 1203 1587 1251 rudentem

134 1269 388 1319 Contorsit
423 1271 586 1319 laevas
621 1287 818 1333 proram
856 1271 1114 1319 Palinurus
1149 1273 1214 1319 ad
1250 1271 1439 1318 undas:

133 1337 352 1385 Laevam
386 1346 567 1386 cuncta
601 1339 778 1387 cohors
813 1338 958 1387 remis
993 1338 1250 1400 ventisque
1285 1336 1471 1400 petivit.

132 1402 377 1452 Tollimur
410 1404 461 1452 in
498 1407 690 1453 caelum
725 1416 927 1454 curvato
961 1405 1162 1468 gurgite,
1202 1414 1250 1453 et
1284 1400 1420 1453 ide'm

133 1471 387 1521 Subducta
421 1472 485 1520 ad
521 1489 693 1521 manes
727 1473 855 1521 imos
890 1474 1173 1522 desedimus
1210 1473 1357 1520 unda.
1709 1474 1800 1534 565

132 1538 234 1586 Ter
267 1539 458 1602 scopuli
492 1540 759 1589 clamorem
796 1540 922 1589 inter
956 1557 1077 1588 cava
1111 1556 1228 1588 saxa
1263 1541 1459 1598 dedere,

132 1606 233 1654 Ter
265 1622 491 1668 spumam
527 1607 696 1655 elisam
732 1617 782 1656 et
815 1607 1028 1656 rorantia
1063 1607 1274 1656 vidimus
1309 1615 1450 1654 astra.

135 1673 330 1722 Interea
364 1675 520 1723 fessos
554 1684 732 1723 ventus
766 1691 879 1723 cum
901 1676 1019 1739 fsole
1056 1674 1263 1737 reliquit,

134 1739 398 1803 Ignarique
432 1732 541 1790 vi'ae
579 1743 858 1805 Cyclopum
894 1742 1171 1791 adlabimur
1211 1741 1322 1790 oris.

198 1808 373 1857 Portus
407 1809 471 1857 ab
505 1825 707 1858 accessu
742 1819 999 1858 ventorum
1035 1810 1272 1858 immotus
1308 1817 1358 1857 et
1391 1807 1564 1872 ingens
1703 1822 1799 1870 570

133 1875 280 1938 Ipse;
315 1876 404 1925 sed
438 1876 674 1925 horrificis
710 1876 843 1925 iuxta
878 1886 1019 1925 tonat
1053 1881 1218 1925 Aetna
1253 1875 1419 1935 ruinis,

132 1942 488 2006 Interdumque
521 1953 673 1992 atram
709 1944 981 2007 prorumpit
1016 1944 1081 1993 ad
1115 1945 1313 1993 aethera
1347 1945 1533 2002 nubem

130 2009 352 2058 Turbine
386 2011 656 2060 fumantem
691 2011 837 2074 piceo
873 2021 921 2060 et
957 2012 1200 2060 candente
1235 2011 1399 2059 favilla
1534 2022 1536 2025 ·
1568 2008 1579 2026 ”

130 2076 427 2140 Attollitque
460 2080 637 2142 globos
673 2079 979 2126 flammarum
1004 2077 1112 2127 'e'F'
1103 2079 1262 2127 sidera
1297 2077 1493 2140 lambit'3

132 2145 390 2194 Interdum
426 2147 655 2209 scopulos
689 2147 955 2209 avolsaque
989 2146 1176 2194 viscera
1210 2145 1393 2194 montis
1702 2158 1796 2207 575

53 2255 61 2263 .
132 2210 287 2274 Erigit
322 2222 550 2262 eructans
585 2212 744 2276 liques
770 2223 948 2276 ctaque
984 2230 1102 2262 saxa
1136 2214 1227 2261 sub
1262 2229 1404 2261 auras

131 2278 261 2328 Cum
294 2279 480 2342 gemitu
515 2281 733 2343 glomera
789 2282 1044 2343 fundoque
1079 2288 1332 2329 exaestuat
1367 2280 1482 2328 imo.

131 2346 287 2397 Fama
321 2355 395 2395 est
430 2340 669 2397 Enceladi
705 2347 994 2396 semiustum
1029 2349 1234 2396 fulmine
1269 2363 1447 2410 corpus

130 2411 308 2476 Urgeri
342 2415 475 2463 mole
508 2415 615 2473 hac,
652 2414 1006 2478 ingentemque
1040 2415 1238 2478 insuper
1271 2417 1486 2463 Aetnam

132 2479 424 2544 Impositam
460 2481 614 2544 ruptis
649 2483 897 2530 flammam
936 2482 1156 2546 expirare
1191 2481 1410 2540 caminis,
1703 2483 1799 2543 580

132 2549 194 2596 Et
228 2548 420 2596 fessum·
447 2547 676 2611 qrssot'iens
711 2558 870 2599 mutet
905 2551 1046 2608 latus,
1082 2538 1580 2598 intrerTere—o‘ffinem

131 2616 384 2664 Murmure
417 2615 717 2664 Trinacriam
755 2625 804 2665 et
837 2618 1029 2665 caelum
1065 2618 1321 2665 subtexere
1355 2617 1504 2664 fumo.

130 2683 344 2731 Noctem
380 2682 514 2730 illam
551 2683 667 2732 tecti
703 2683 834 2732 silvis
869 2683 1104 2732 immania
1139 2692 1359 2732 monstra

130 2748 435 2808 PerferimuS,
471 2766 566 2799 nec
600 2766 728 2814 quae
764 2750 980 2799 sonitum
1018 2752 1103 2800 det
1138 2767 1287 2799 causa
1319 2750 1558 2799 videmus,

129 2816 261 2867 Nam
297 2832 460 2878 neque
495 2827 633 2866 erant
667 2826 905 2867 astrorum
942 2818 1079 2881 ignes
1114 2834 1208 2866 nec
1243 2817 1435 2867 lucidus
1470 2820 1639 2867 aethra
1702 2819 1796 2880 585

129 2881 331 2932 Siderea
363 2885 524 2948 poluS,
561 2885 772 2934 obscuro
809 2887 898 2935 sed
934 2885 1104 2934 nubila
1139 2886 1293 2947 cae10‚

503 3005 550 3045 ἶ(
763 3043 773 3045 ὦ
870 3018 880 3041 ,,

35 3028 275 3198 μή»
326 3043 691 3127 wj-wg
962 3107 964 3111 s
1157 3108 1161 3116 ,

10 3168 193 3198 ,ΜΛ
243 3134 691 3198 sins
952 3127 1088 3185 :rr-,2

1532 2994 1664 3044 3-2
